3280 5112
277 546 298 610 8
420 567 532 612 isurun
555 567 656 628 noun,
680 566 1017 626 uournnmnnern,
1039 547 1083 612 40
1105 568 1188 614 nus.
1212 569 1268 614 111.

277 719 444 801 Heburn‚1
471 721 564 786 venit
589 725 625 787 et
651 721 796 786 retraxit
822 741 867 787 se.
913 721 996 786 Ideo
1020 723 1175 808 Rogerus
1198 727 1234 788 et
1257 720 1318 787 ulii
1340 720 1421 786 inde

277 807 350 872 sine
365 807 420 873 die
435 810 471 873 et
485 807 655 873 Robertus
676 812 712 873 et
734 808 840 894 plegii
867 809 920 874 sui
946 809 989 874 de
1011 809 1245 894 prosequendo
1271 811 1307 873 in
1333 807 1420 888 mis',

277 893 406 959 scilicet
423 895 443 959 J
445 895 596 962 ohannes
612 896 654 960 de
669 896 815 963 Beuton'
831 899 867 962 et
881 896 1053 962 Robertus
1074 897 1169 961 Brun
1185 897 1227 962 de
1255 895 1419 975 Shufhom

276 981 382 1155 plpgpi
394 982 540 1134 llltoberti
564 984 606 1049 de
621 983 696 1048 mis'
713 1005 786 1064 suu,
802 982 994 1050 Willelmus
1016 984 1049 1051 le
1063 984 1174 1050 Ruter
1187 988 1223 1050 et
1247 983 1352 1050 Fuloo
1378 983 1420 1047 de

370 1091 393 1133 n
418 1091 484 1135 um.

340 1199 512 1279 Remette,
539 1219 612 1283 quse
637 1197 708 1263 fuit
732 1219 818 1264 uxor
845 1199 1012 1264 Eborerdi
1039 1199 1071 1265 le
1097 1199 1222 1286 Pyeis,²
1237 1222 1310 1285 quae
1336 1199 1420 1264 tulit

275 1286 375 1351 breve
405 1287 447 1351 de
483 1286 641 1372 ingressu
677 1306 794 1352 versus
837 1287 1025 1352 Patricium
1062 1287 1193 1374 Hureg'
1232 1287 1274 1352 de
1309 1287 1420 1353 tribus

274 1372 476 1459 messuagiis
488 1377 524 1438 et
539 1377 660 1458 queter
675 1373 801 1459 viginti
816 1373 903 1440 aeris
921 1380 1022 1440 terrae
1037 1397 1114 1441 cum
1139 1374 1359 1460 pertinentiis
1382 1375 1419 1438 in

275 1459 488 1526 Steunford’³
504 1464 642 1526 nonest
661 1464 851 1546 prosecute.
896 1460 980 1528 Ideo
1005 1460 1141 1547 ipsust
1166 1461 1272 1548 plegii
1296 1460 1350 1528 sui
1376 1462 1418 1526 de
1529 1479 1531 1484 ·

273 1569 372 1633 prose
394 1547 506 1616 nendo
541 1549 593 1633 [in
614 1547 721 1632 mis'],
746 1549 884 1630 scilicet,
906 1548 1082 1616 Johnnnes
1113 1549 1155 1615 de
1177 1549 1353 1616 Neweton’
1382 1553 1416 1614 et

274 1635 378 1701 Wille
428 1657 467 1702 us
483 1634 525 1700 de
540 1635 744 1702 Alwenton'.

336 1764 456 1830 Assisu
471 1765 563 1830 venit
578 1763 796 1850 recognitum
811 1764 841 1829 si
864 1763 1051 1830 Nicholuus
1077 1764 1119 1830 de
1133 1764 1260 1851 Bylae
1275 1763 1416 1850 injuste,

271 1856 349 1934 etc,
368 1851 552 1918 disseisirit
575 1852 762 1917 Robertum
783 1852 824 1919 de
845 1851 998 1917 Puudon'
1021 1852 1063 1916 de
1088 1851 1195 1918 libero
1221 1854 1417 1918 tenemento

271 1960 334 2006 suo
355 1938 393 2004 in
415 1939 529 2020 Biker,
553 1943 631 2025 post
653 1939 810 2026 primum,
841 1943 905 2006 etc.
964 1939 1011 2004 Et
1040 1940 1129 2004 unde
1153 1940 1304 2025 queritur
1328 1939 1417 2024 quod

271 2025 456 2129 disseisivit
471 2027 605 2129 eumade
620 2027 819 2092 duodecime
833 2031 930 2112 perte
945 2026 1046 2093 unius
1066 2026 1252 2092 molendini
1268 2025 1417 2112 equetici

272 2117 766 2302 cussggginsgriiltspsscdictus
781 2201 950 2267 Robertus
966 2206 1000 2268 et
1025 2202 1170 2268 retraxit
1194 2221 1229 2268 se
1256 2202 1297 2267 de
1320 2200 1415 2267 brevi

270 2311 342 2355 suo.
387 2288 470 2356 Ideo
484 2289 666 2373 preedrotus
687 2287 873 2354 Nicholeus
898 2288 978 2355 inde
993 2288 1066 2354 sine
1091 2288 1158 2370 die,
1184 2294 1220 2355 et
1245 2290 1414 2355 Robertus

270 2380 305 2442 et
320 2375 426 2464 plegii
446 2377 500 2442 sui
522 2377 563 2444 de
585 2377 816 2461 prosequendo
840 2377 877 2440 in
902 2376 991 2458 mis’,
1008 2376 1149 2459 scilicet,
1172 2377 1347 2442 Johunnes
1373 2377 1415 2441 de

269 2463 472 2529 Middleton'
496 2467 532 2530 et
554 2463 724 2530 Robertus
747 2464 790 2530 de
814 2462 1012 2543 Fermlewe,
1038 2464 1169 2550 plegius
1193 2463 1235 2529 de
1261 2464 1337 2529 mis'
1353 2485 1415 2529 sue

269 2550 455 2616 Nicholuue
472 2550 513 2618 de
528 2550 652 2635 Byker.

334 2681 453 2746 Assise
466 2679 560 2746 veuit
574 2678 792 2766 recognitum
816 2679 846 2744 si
870 2678 1049 2764 Philippus
1076 2679 1117 2744 de
1144 2678 1353 2745 Brekelfeld⁵
1379 2684 1414 2746 et

267 2767 433 2833 Ricardus
456 2767 498 2832 de
522 2766 699 2832 Doxeiord
720 2766 863 2853 injuste,
879 2770 958 2846 ete,
974 2765 1232 2832 disseisiverunt
1247 2767 1356 2832 Adam
1372 2768 1413 2832 de

267 2853 1255 2940 Doxeforddecommunspnsturaesuaeinfflingemmquae
1263 2853 1414 2940 pertinet

268 2942 312 3008 ud
327 2941 470 3010 liberum
480 2943 714 3008 tenementum
725 2940 871 3007 suumin
882 2940 1339 3026 Doxeiord’lpostprimsm.
1367 2943 1413 3006 Et

269 3030 358 3096 uude
373 3028 527 3115 queritur
542 3029 631 3113 quod
646 3028 902 3096 disseisiverunt
918 3047 995 3092 eum
1010 3027 1054 3092 de
1070 3048 1250 3093 commune
1265 3032 1413 3114 pesturae

269 3139 338 3183 suae
362 3118 400 3181 in
422 3115 568 3202 quedem
590 3137 686 3181 more
708 3135 781 3200 qum
804 3114 959 3181 continet
982 3113 1117 3182 circiter
1139 3119 1278 3180 centum
1302 3136 1411 3197 uerus,

268 3203 328 3269 ubi
353 3203 601 3270 communicare
626 3203 758 3268 solebet
784 3222 861 3267 cum
886 3202 1089 3267 omnimodis
1113 3201 1234 3268 evertis
1259 3202 1330 3267 suis
1352 3223 1413 3288 per

267 3294 381 3356 totum
396 3312 533 3356 sunum.
568 3289 662 3356 Dicit
677 3291 779 3372 enim,
797 3290 887 3374 quod
901 3289 1044 3354 hussire
1058 3289 1217 3354 fecerunt
1232 3289 1413 3374 quemdem

266 3383 399 3464 partem
428 3378 596 3464 praediotoe
625 3398 727 3442 morse
756 3381 792 3442 et
820 3376 1002 3462 quemdem
1038 3380 1171 3462 purtem
1200 3376 1412 3444 incluserunt

265 3466 397 3531 fosseio
411 3469 447 3530 et
469 3465 557 3550 haye
580 3467 615 3530 et
642 3463 780 3529 omnino
806 3464 963 3529 detinent
987 3484 1066 3529 eum
1092 3467 1189 3529 extre
1214 3464 1412 3549 predictum

267 3573 491 3632 communem,
503 3554 568 3618 etc.

331 3641 377 3705 Et
391 3638 569 3726 Philippus
585 3642 620 3705 et
634 3638 802 3704 Ricordus
818 3637 962 3704 veniunt
977 3641 1012 3703 et
1027 3637 1135 3703 nichil
1160 3637 1280 3704 dicunt
1305 3660 1409 3723 quere

265 3728 374 3794 assisa
416 3729 600 3806 remaneat,
637 3725 705 3791 nisi
741 3729 880 3790 tentum
920 3725 1009 3811 quod
1055 3725 1173 3790 dicunt
1212 3725 1301 3810 quod
1337 3726 1410 3812 ipse

266 3835 459 3899 nuncquem
473 3814 544 3878 fuit
558 3813 596 3876 in
610 3813 745 3897 eeysine
761 3813 802 3878 de
817 3813 980 3898 predicte
996 3832 1175 3878 commune
1197 3812 1234 3877 in
1249 3812 1412 3899 praedicte

265 3922 371 3982 more,
387 3901 439 3966 ite
454 3900 542 3985 quod
557 3899 672 3984 potuit
687 3900 766 3965 inde
782 3900 957 3966 disseisiri.
1156 3897 1158 3902 ’

329 3990 507 4055 Juretores
523 3987 643 4053 dicunt
664 3987 753 4072 quod
775 3987 958 4074 praedictus
981 3985 1161 4074 Philippus
1185 3992 1220 4053 et
1243 3987 1410 4054 Ricardus

297 4154 452 4206 ¹Hebburn
474 4153 503 4206 in
529 4153 634 4220 Berony
651 4155 679 4206 ol
705 4153 808 4207 Bothnll
858 4154 993 4222 Margaret
1003 4154 1053 4207 sud
1069 4155 1206 4221 Indrenys
1222 4170 1287 4207 were
1298 4153 1408 4206 heirstc

266 4221 618 4287 (connuncupant).
858 4222 928 4275 their
956 4221 1031 4275 uncle
1058 4221 1131 4274 John
1158 4221 1190 4274 de
1221 4221 1309 4288 Bykes
1339 4223 1406 4288 (Inq.

296 4285 307 4319 ¹
323 4287 452 4350 Bsmette
460 4287 553 4340 wiieol
563 4287 678 4340 liverard
687 4287 808 4341 rheutoni·
859 4289 931 4340 M.
944 4291 976 4340 15
988 4291 1060 4340 Edu.
1073 4289 1108 4352 1.,
1119 4287 1169 4341 No.
1182 4291 1237 4351 ³2).

263 4371 309 4408 cus
321 4371 350 4406 or
367 4355 392 4406 le
408 4354 492 4473 Ppulo,
503 4369 552 4406 was
570 4356 615 4407 the
634 4354 692 4407 deu.
713 4356 764 4408 and
781 4356 807 4408 h.
891 4354 902 4386 ⁸
920 4356 1069 4407 Brooksleld
1079 4355 1108 4406 in
1120 4355 1258 4407 Embleton
1270 4354 1371 4407 Perirh.

264 4424 291 4474 of
306 4421 378 4474 John
389 4421 413 4473 lc
450 4420 551 4474 moount
571 4419 642 4484 (Gal.
657 4423 728 4485 Gen„
740 4421 757 4476 i.
769 4425 807 4485 8).
893 4419 903 4452 ⁸
920 4422 1069 4488 Ellinghsm
1080 4421 1108 4473 in
1123 4422 1238 4475 Bembur
1256 4421 1372 4474 hWerd.

297 4487 753 4541 'StemlordqumbletonPsrirh
893 4486 1237 4556 ⁷D0xiordqullinghem
1271 4487 1349 4542 erish.

298 4554 449 4608 ⁴Nicholus
476 4555 507 4608 ds
536 4554 643 4621 Byker's
670 4555 811 4622 deughtere
