<?xml version="1.0" encoding="UTF-8"?>
<!DOCTYPE html PUBLIC "-//W3C//DTD XHTML 1.0 Transitional//EN"
    "http://www.w3.org/TR/xhtml1/DTD/xhtml1-transitional.dtd">
<html xmlns="http://www.w3.org/1999/xhtml" xml:lang="en" lang="en">
 <head>
  <title>
</title>
<meta http-equiv="Content-Type" content="text/html;charset=utf-8" />
  <meta name='ocr-system' content='tesseract 3.04.00' />
  <meta name='ocr-capabilities' content='ocr_page ocr_carea ocr_par ocr_line ocrx_word'/>
</head>
<body>
  <div class='ocr_page' id='page_1' title='image "./threeearlyassiz01pagegoog_0330.png"; bbox 0 0 3264 5110; ppageno 0'>
   <div class='ocr_carea' id='block_1_1' title="bbox 262 510 1234 592">
    <p class='ocr_par' dir='ltr' id='par_1_1' title="bbox 262 510 1234 592">
     <span class='ocr_line' id='line_1_1' title="bbox 262 510 1234 592; baseline 0 -14"><span class='ocrx_word' id='word_1_1' title='bbox 262 511 325 578; x_wconf 77' lang='lat'><strong>298</strong></span> <span class='ocrx_word' id='word_1_2' title='bbox 437 531 552 578; x_wconf 76' lang='lat' dir='ltr'><strong>ussmn</strong></span> <span class='ocrx_word' id='word_1_3' title='bbox 574 531 673 592; x_wconf 78' lang='lat' dir='ltr'><strong>noun,</strong></span> <span class='ocrx_word' id='word_1_4' title='bbox 696 531 1033 592; x_wconf 71' lang='lat' dir='ltr'><strong>nonenmnnmnn,</strong></span> <span class='ocrx_word' id='word_1_5' title='bbox 1057 510 1076 575; x_wconf 81' lang='lat'>7</span> <span class='ocrx_word' id='word_1_6' title='bbox 1099 531 1187 578; x_wconf 79' lang='grc'><strong>666.</strong></span> <span class='ocrx_word' id='word_1_7' title='bbox 1210 530 1234 579; x_wconf 90' lang='lat'><strong>1.</strong></span> 
     </span>
    </p>
   </div>
   <div class='ocr_carea' id='block_1_2' title="bbox 261 678 1411 1459">
    <p class='ocr_par' dir='ltr' id='par_1_2' title="bbox 261 678 1409 938">
     <span class='ocr_line' id='line_1_2' title="bbox 326 678 1409 763; baseline 0 -19"><span class='ocrx_word' id='word_1_8' title='bbox 326 678 717 746; x_wconf 82' lang='lat' dir='ltr'><strong>Oumb’.—Baldewinus</strong></span> <span class='ocrx_word' id='word_1_9' title='bbox 749 679 855 744; x_wconf 86' lang='lat' dir='ltr'><strong>Wake</strong></span> <span class='ocrx_word' id='word_1_10' title='bbox 884 678 972 763; x_wconf 87' lang='lat' dir='ltr'><strong>petit</strong></span> <span class='ocrx_word' id='word_1_11' title='bbox 1005 699 1119 744; x_wconf 82' lang='lat' dir='ltr'><strong>versus</strong></span> <span class='ocrx_word' id='word_1_12' title='bbox 1152 679 1339 745; x_wconf 77' lang='lat' dir='ltr'><strong>Robermm</strong></span> <span class='ocrx_word' id='word_1_13' title='bbox 1366 678 1409 744; x_wconf 88' lang='lat' dir='ltr'><strong>de</strong></span> 
     </span>
     <span class='ocr_line' id='line_1_3' title="bbox 261 764 1409 851; baseline 0.001 -22"><span class='ocrx_word' id='word_1_14' title='bbox 261 765 469 832; x_wconf 82' lang='lat' dir='ltr'><strong>Mulehastre</strong></span> <span class='ocrx_word' id='word_1_15' title='bbox 484 765 630 851; x_wconf 82' lang='lat' dir='ltr'><strong>triginta</strong></span> <span class='ocrx_word' id='word_1_16' title='bbox 644 786 739 831; x_wconf 80' lang='lat' dir='ltr'><strong>acms</strong></span> <span class='ocrx_word' id='word_1_17' title='bbox 754 768 853 832; x_wconf 72' lang='lat' dir='ltr'><strong>terrm</strong></span> <span class='ocrx_word' id='word_1_18' title='bbox 867 770 903 831; x_wconf 84' lang='grc'><strong>61</strong></span> <span class='ocrx_word' id='word_1_19' title='bbox 916 764 1108 851; x_wconf 89' lang='lat' dir='ltr'><strong>quindecim</strong></span> <span class='ocrx_word' id='word_1_20' title='bbox 1123 786 1218 831; x_wconf 84' lang='lat' dir='ltr'><strong>acres</strong></span> <span class='ocrx_word' id='word_1_21' title='bbox 1232 766 1323 850; x_wconf 85' lang='lat' dir='ltr'><strong>prati</strong></span> <span class='ocrx_word' id='word_1_22' title='bbox 1333 787 1409 831; x_wconf 91' lang='lat' dir='ltr'><strong>cum</strong></span> 
     </span>
     <span class='ocr_line' id='line_1_4' title="bbox 261 851 1408 938; baseline 0.001 -22"><span class='ocrx_word' id='word_1_23' title='bbox 261 852 478 938; x_wconf 72' lang='lat' dir='ltr'><strong>pertinentiis</strong></span> <span class='ocrx_word' id='word_1_24' title='bbox 504 853 542 916; x_wconf 90' lang='lat' dir='ltr'><strong>in</strong></span> <span class='ocrx_word' id='word_1_25' title='bbox 569 851 761 933; x_wconf 85' lang='lat' dir='ltr'><strong>Stubehill’,</strong></span> <span class='ocrx_word' id='word_1_26' title='bbox 788 857 828 916; x_wconf 87' lang='lat' dir='ltr'><strong>ut</strong></span> <span class='ocrx_word' id='word_1_27' title='bbox 847 852 903 938; x_wconf 84' lang='lat' dir='ltr'><strong>jus</strong></span> <span class='ocrx_word' id='word_1_28' title='bbox 926 874 1035 932; x_wconf 88' lang='lat' dir='ltr'><strong>suum,</strong></span> <span class='ocrx_word' id='word_1_29' title='bbox 1051 857 1116 918; x_wconf 89' lang='lat' dir='ltr'><strong>etc.</strong></span> <span class='ocrx_word' id='word_1_30' title='bbox 1168 853 1215 918; x_wconf 85' lang='grc'><strong>111</strong></span> <span class='ocrx_word' id='word_1_31' title='bbox 1228 853 1408 933; x_wconf 88' lang='lat' dir='ltr'><strong>Robertus,</strong></span> 
     </span>
    </p>

    <p class='ocr_par' dir='ltr' id='par_1_3' title="bbox 261 939 1411 1459">
     <span class='ocr_line' id='line_1_5' title="bbox 304 939 1410 1018; baseline -0.001 -14"><span class='ocrx_word' id='word_1_32' title='bbox 304 943 547 1004; x_wconf 87' lang='lat' dir='ltr'><strong>rattornatum</strong></span> <span class='ocrx_word' id='word_1_33' title='bbox 563 961 672 1018; x_wconf 88' lang='lat' dir='ltr'><strong>suum,</strong></span> <span class='ocrx_word' id='word_1_34' title='bbox 689 939 827 1006; x_wconf 76' lang='lat' dir='ltr'><strong>renitet</strong></span> <span class='ocrx_word' id='word_1_35' title='bbox 838 939 922 1004; x_wconf 85' lang='lat' dir='ltr'><strong>alins</strong></span> <span class='ocrx_word' id='word_1_36' title='bbox 937 944 1034 1005; x_wconf 85' lang='lat' dir='ltr'><strong>vocat</strong></span> <span class='ocrx_word' id='word_1_37' title='bbox 1049 939 1129 1004; x_wconf 88' lang='lat' dir='ltr'><strong>inde</strong></span> <span class='ocrx_word' id='word_1_38' title='bbox 1145 939 1188 1005; x_wconf 87' lang='lat' dir='ltr'><strong>ad</strong></span> <span class='ocrx_word' id='word_1_39' title='bbox 1204 945 1410 1006; x_wconf 74' lang='lat' dir='ltr'>warrantum</span> 
     </span>
     <span class='ocr_line' id='line_1_6' title="bbox 296 1026 1410 1113; baseline 0.001 -23"><span class='ocrx_word' id='word_1_40' title='bbox 296 1027 464 1093; x_wconf 83' lang='lat' dir='ltr'><strong>icholaum</strong></span> <span class='ocrx_word' id='word_1_41' title='bbox 489 1026 596 1092; x_wconf 90' lang='lat' dir='ltr'><strong>filium</strong></span> <span class='ocrx_word' id='word_1_42' title='bbox 622 1026 781 1092; x_wconf 87' lang='lat' dir='ltr'><strong>Nicholai</strong></span> <span class='ocrx_word' id='word_1_43' title='bbox 805 1026 837 1091; x_wconf 89' lang='lat' dir='ltr'><strong>le</strong></span> <span class='ocrx_word' id='word_1_44' title='bbox 865 1027 997 1108; x_wconf 87' lang='lat' dir='ltr'><strong>Sauser,</strong></span> <span class='ocrx_word' id='word_1_45' title='bbox 1023 1027 1083 1111; x_wconf 92' lang='lat' dir='ltr'><strong>qui</strong></span> <span class='ocrx_word' id='word_1_46' title='bbox 1107 1027 1208 1093; x_wconf 91' lang='lat' dir='ltr'><strong>modo</strong></span> <span class='ocrx_word' id='word_1_47' title='bbox 1232 1026 1325 1094; x_wconf 85' lang='lat' dir='ltr'><strong>venit</strong></span> <span class='ocrx_word' id='word_1_48' title='bbox 1349 1049 1410 1113; x_wconf 89' lang='lat' dir='ltr'><strong>per</strong></span> 
     </span>
     <span class='ocr_line' id='line_1_7' title="bbox 262 1113 1409 1181; baseline 0.001 -3"><span class='ocrx_word' id='word_1_49' title='bbox 262 1113 559 1179; x_wconf 77' lang='lat' dir='ltr'><strong>summonitionem</strong></span> <span class='ocrx_word' id='word_1_50' title='bbox 574 1117 609 1179; x_wconf 90' lang='lat' dir='ltr'><strong>et</strong></span> <span class='ocrx_word' id='word_1_51' title='bbox 624 1113 654 1180; x_wconf 92' lang='grc'><strong>61</strong></span> <span class='ocrx_word' id='word_1_52' title='bbox 669 1113 897 1178; x_wconf 80' lang='lat' dir='ltr'><strong>warrantizat.</strong></span> <span class='ocrx_word' id='word_1_53' title='bbox 942 1114 988 1178; x_wconf 87' lang='grc'><strong>111</strong></span> <span class='ocrx_word' id='word_1_54' title='bbox 1002 1116 1101 1180; x_wconf 85' lang='lat' dir='ltr'><strong>vocat</strong></span> <span class='ocrx_word' id='word_1_55' title='bbox 1114 1114 1194 1178; x_wconf 90' lang='lat' dir='ltr'><strong>inde</strong></span> <span class='ocrx_word' id='word_1_56' title='bbox 1209 1113 1351 1181; x_wconf 90' lang='lat' dir='ltr'><strong>ulterius</strong></span> <span class='ocrx_word' id='word_1_57' title='bbox 1365 1114 1409 1179; x_wconf 84' lang='grc'><strong>61</strong></span> 
     </span>
     <span class='ocr_line' id='line_1_8' title="bbox 261 1199 1409 1286; baseline 0.001 -21"><span class='ocrx_word' id='word_1_58' title='bbox 261 1203 466 1265; x_wconf 78' lang='lat' dir='ltr'><strong>wamantum</strong></span> <span class='ocrx_word' id='word_1_59' title='bbox 482 1201 653 1286; x_wconf 84' lang='lat' dir='ltr'><strong>Rogerum</strong></span> <span class='ocrx_word' id='word_1_60' title='bbox 667 1200 699 1266; x_wconf 92' lang='lat' dir='ltr'><strong>le</strong></span> <span class='ocrx_word' id='word_1_61' title='bbox 714 1199 835 1286; x_wconf 85' lang='lat' dir='ltr'><strong>Bigod,</strong></span> <span class='ocrx_word' id='word_1_62' title='bbox 848 1199 1013 1266; x_wconf 83' lang='lat' dir='ltr'><strong>Comitem</strong></span> <span class='ocrx_word' id='word_1_63' title='bbox 1026 1200 1219 1267; x_wconf 84' lang='lat' dir='ltr'><strong>Norffolciae</strong></span> <span class='ocrx_word' id='word_1_64' title='bbox 1229 1204 1266 1266; x_wconf 94' lang='lat' dir='ltr'><strong>et</strong></span> <span class='ocrx_word' id='word_1_65' title='bbox 1280 1201 1409 1266; x_wconf 86' lang='lat' dir='ltr'><strong>Mares-</strong></span> 
     </span>
     <span class='ocr_line' id='line_1_9' title="bbox 262 1287 1409 1373; baseline 0 -20"><span class='ocrx_word' id='word_1_66' title='bbox 262 1287 386 1353; x_wconf 88' lang='lat' dir='ltr'><strong>callum</strong></span> <span class='ocrx_word' id='word_1_67' title='bbox 415 1287 558 1372; x_wconf 83' lang='lat' dir='ltr'><strong>Anglioe.</strong></span> <span class='ocrx_word' id='word_1_68' title='bbox 604 1287 741 1353; x_wconf 88' lang='lat' dir='ltr'><strong>Habeat</strong></span> <span class='ocrx_word' id='word_1_69' title='bbox 770 1309 849 1352; x_wconf 91' lang='lat' dir='ltr'><strong>eum</strong></span> <span class='ocrx_word' id='word_1_70' title='bbox 878 1287 968 1373; x_wconf 87' lang='lat' dir='ltr'><strong>apud</strong></span> <span class='ocrx_word' id='word_1_71' title='bbox 997 1287 1186 1353; x_wconf 77' lang='lat' dir='ltr'><strong>Eboracum</strong></span> <span class='ocrx_word' id='word_1_72' title='bbox 1208 1289 1245 1352; x_wconf 88' lang='lat' dir='ltr'><strong>in</strong></span> <span class='ocrx_word' id='word_1_73' title='bbox 1272 1288 1409 1356; x_wconf 90' lang='lat' dir='ltr'><strong>Octabis</strong></span> 
     </span>
     <span class='ocr_line' id='line_1_10' title="bbox 263 1372 1411 1459; baseline 0 -19"><span class='ocrx_word' id='word_1_74' title='bbox 263 1375 395 1440; x_wconf 80' lang='lat' dir='ltr'><strong>Sanctoe</strong></span> <span class='ocrx_word' id='word_1_75' title='bbox 421 1372 601 1440; x_wconf 71' lang='lat' dir='ltr'><strong>Trinitatis</strong></span> <span class='ocrx_word' id='word_1_76' title='bbox 629 1396 689 1459; x_wconf 91' lang='lat' dir='ltr'><strong>per</strong></span> <span class='ocrx_word' id='word_1_77' title='bbox 715 1373 878 1440; x_wconf 84' lang='lat' dir='ltr'><strong>auxilium</strong></span> <span class='ocrx_word' id='word_1_78' title='bbox 904 1375 1015 1441; x_wconf 77' lang='lat' dir='ltr'><strong>curia.</strong></span> <span class='ocrx_word' id='word_1_79' title='bbox 1071 1374 1117 1440; x_wconf 89' lang='grc'><strong>111</strong></span> <span class='ocrx_word' id='word_1_80' title='bbox 1143 1375 1349 1442; x_wconf 86' lang='lat' dir='ltr'><strong>summoniat</strong></span> <span class='ocrx_word' id='word_1_81' title='bbox 1373 1377 1411 1440; x_wconf 92' lang='lat' dir='ltr'><strong>in</strong></span> 
     </span>
    </p>
   </div>
   <div class='ocr_carea' id='block_1_3' title="bbox 261 1460 1410 1636">
    <p class='ocr_par' dir='ltr' id='par_1_4' title="bbox 261 1460 1410 1636">
     <span class='ocr_line' id='line_1_11' title="bbox 261 1460 1410 1547; baseline 0 -19"><span class='ocrx_word' id='word_1_82' title='bbox 261 1462 427 1528; x_wconf 86' lang='lat' dir='ltr'><strong>comitatu</strong></span> <span class='ocrx_word' id='word_1_83' title='bbox 441 1462 595 1543; x_wconf 79' lang='lat' dir='ltr'><strong>Eboraci,</strong></span> <span class='ocrx_word' id='word_1_84' title='bbox 610 1467 675 1528; x_wconf 90' lang='lat' dir='ltr'><strong>etc.</strong></span> <span class='ocrx_word' id='word_1_85' title='bbox 720 1461 767 1527; x_wconf 88' lang='grc'><strong>111</strong></span> <span class='ocrx_word' id='word_1_86' title='bbox 783 1460 968 1528; x_wconf 86' lang='lat' dir='ltr'><strong>Nicholaus</strong></span> <span class='ocrx_word' id='word_1_87' title='bbox 986 1461 1085 1547; x_wconf 91' lang='lat' dir='ltr'><strong>ponit</strong></span> <span class='ocrx_word' id='word_1_88' title='bbox 1106 1462 1179 1528; x_wconf 93' lang='lat' dir='ltr'><strong>loco</strong></span> <span class='ocrx_word' id='word_1_89' title='bbox 1202 1461 1410 1529; x_wconf 73' lang='grc'><strong>6661111161-</strong></span> 
     </span>
     <span class='ocr_line' id='line_1_12' title="bbox 261 1548 687 1636; baseline -0.005 -20"><span class='ocrx_word' id='word_1_90' title='bbox 261 1571 354 1616; x_wconf 85' lang='lat' dir='ltr'><strong>mum</strong></span> <span class='ocrx_word' id='word_1_91' title='bbox 369 1549 410 1616; x_wconf 89' lang='lat' dir='ltr'><strong>de</strong></span> <span class='ocrx_word' id='word_1_92' title='bbox 425 1548 609 1636; x_wconf 85' lang='lat' dir='ltr'><strong>Morioeby,</strong></span> <span class='ocrx_word' id='word_1_93' title='bbox 624 1553 687 1614; x_wconf 89' lang='lat' dir='ltr'><strong>ete.</strong></span> 
     </span>
    </p>
   </div>
   <div class='ocr_carea' id='block_1_4' title="bbox 261 1702 1411 2225">
    <p class='ocr_par' dir='ltr' id='par_1_5' title="bbox 261 1702 1411 2225">
     <span class='ocr_line' id='line_1_13' title="bbox 327 1702 1411 1791; baseline 0.001 -22"><span class='ocrx_word' id='word_1_94' title='bbox 327 1705 474 1770; x_wconf 78' lang='lat' dir='ltr'><strong>Thomas</strong></span> <span class='ocrx_word' id='word_1_95' title='bbox 505 1704 546 1769; x_wconf 95' lang='grc'><strong>16</strong></span> <span class='ocrx_word' id='word_1_96' title='bbox 576 1702 740 1784; x_wconf 80' lang='lat' dir='ltr'><strong>Helebelr,</strong></span> <span class='ocrx_word' id='word_1_97' title='bbox 763 1724 824 1788; x_wconf 91' lang='lat' dir='ltr'><strong>per</strong></span> <span class='ocrx_word' id='word_1_98' title='bbox 848 1705 1062 1768; x_wconf 82' lang='lat' dir='ltr'><strong>attornatum</strong></span> <span class='ocrx_word' id='word_1_99' title='bbox 1087 1725 1197 1786; x_wconf 89' lang='lat' dir='ltr'><strong>sunm,</strong></span> <span class='ocrx_word' id='word_1_100' title='bbox 1224 1705 1350 1791; x_wconf 85' lang='lat' dir='ltr'><strong>optulit</strong></span> <span class='ocrx_word' id='word_1_101' title='bbox 1375 1726 1411 1770; x_wconf 89' lang='lat' dir='ltr'><strong>se</strong></span> 
     </span>
     <span class='ocr_line' id='line_1_14' title="bbox 261 1789 1411 1877; baseline 0.003 -22"><span class='ocrx_word' id='word_1_102' title='bbox 261 1790 334 1877; x_wconf 58' lang='lat' dir='ltr'><strong>iiijw</strong></span> <span class='ocrx_word' id='word_1_103' title='bbox 357 1792 412 1856; x_wconf 90' lang='lat' dir='ltr'><strong>die</strong></span> <span class='ocrx_word' id='word_1_104' title='bbox 438 1812 552 1856; x_wconf 88' lang='lat' dir='ltr'><strong>versus</strong></span> <span class='ocrx_word' id='word_1_105' title='bbox 581 1789 788 1856; x_wconf 90' lang='lat' dir='ltr'><strong>Willelmum</strong></span> <span class='ocrx_word' id='word_1_106' title='bbox 813 1790 854 1855; x_wconf 91' lang='lat' dir='ltr'><strong>de</strong></span> <span class='ocrx_word' id='word_1_107' title='bbox 881 1789 1029 1870; x_wconf 80' lang='lat' dir='ltr'><strong>clifford,</strong></span> <span class='ocrx_word' id='word_1_108' title='bbox 1054 1812 1234 1875; x_wconf 78' lang='lat' dir='ltr'><strong>pai-sonam</strong></span> <span class='ocrx_word' id='word_1_109' title='bbox 1264 1792 1411 1858; x_wconf 76' lang='lat' dir='ltr'><strong>ecclesia·</strong></span> 
     </span>
     <span class='ocr_line' id='line_1_15' title="bbox 262 1877 1411 1964; baseline 0.001 -22"><span class='ocrx_word' id='word_1_110' title='bbox 262 1878 303 1944; x_wconf 87' lang='lat' dir='ltr'><strong>de</strong></span> <span class='ocrx_word' id='word_1_111' title='bbox 318 1878 433 1944; x_wconf 89' lang='lat' dir='ltr'><strong>Burch</strong></span> <span class='ocrx_word' id='word_1_112' title='bbox 447 1878 555 1944; x_wconf 87' lang='lat' dir='ltr'><strong>under</strong></span> <span class='ocrx_word' id='word_1_113' title='bbox 570 1877 734 1964; x_wconf 85' lang='lat' dir='ltr'><strong>Steymor,</strong></span> <span class='ocrx_word' id='word_1_114' title='bbox 754 1877 795 1944; x_wconf 93' lang='lat' dir='ltr'><strong>de</strong></span> <span class='ocrx_word' id='word_1_115' title='bbox 813 1877 939 1963; x_wconf 89' lang='lat' dir='ltr'><strong>placito</strong></span> <span class='ocrx_word' id='word_1_116' title='bbox 960 1877 1048 1962; x_wconf 90' lang='lat' dir='ltr'><strong>quod</strong></span> <span class='ocrx_word' id='word_1_117' title='bbox 1063 1878 1171 1944; x_wconf 81' lang='lat' dir='ltr'><strong>faciat</strong></span> <span class='ocrx_word' id='word_1_118' title='bbox 1186 1879 1218 1943; x_wconf 89' lang='lat' dir='ltr'><strong>ei</strong></span> <span class='ocrx_word' id='word_1_119' title='bbox 1233 1884 1411 1946; x_wconf 87' lang='lat' dir='ltr'><strong>consuetu·</strong></span> 
     </span>
     <span class='ocr_line' id='line_1_16' title="bbox 263 1964 1410 2048; baseline 0.004 -20"><span class='ocrx_word' id='word_1_120' title='bbox 263 1965 358 2030; x_wconf 89' lang='lat' dir='ltr'><strong>dines</strong></span> <span class='ocrx_word' id='word_1_121' title='bbox 383 1969 418 2032; x_wconf 91' lang='lat' dir='ltr'><strong>et</strong></span> <span class='ocrx_word' id='word_1_122' title='bbox 440 1971 533 2030; x_wconf 87' lang='lat' dir='ltr'><strong>recta</strong></span> <span class='ocrx_word' id='word_1_123' title='bbox 557 1964 705 2045; x_wconf 83' lang='lat' dir='ltr'><strong>servitia,</strong></span> <span class='ocrx_word' id='word_1_124' title='bbox 733 1985 805 2048; x_wconf 86' lang='lat' dir='ltr'><strong>qnae</strong></span> <span class='ocrx_word' id='word_1_125' title='bbox 829 1965 861 2030; x_wconf 91' lang='lat' dir='ltr'><strong>ei</strong></span> <span class='ocrx_word' id='word_1_126' title='bbox 883 1964 996 2030; x_wconf 84' lang='lat' dir='ltr'><strong>facere</strong></span> <span class='ocrx_word' id='word_1_127' title='bbox 1014 1964 1115 2031; x_wconf 89' lang='lat' dir='ltr'><strong>debet</strong></span> <span class='ocrx_word' id='word_1_128' title='bbox 1134 1965 1176 2030; x_wconf 90' lang='lat' dir='ltr'><strong>de</strong></span> <span class='ocrx_word' id='word_1_129' title='bbox 1198 1965 1304 2031; x_wconf 88' lang='lat' dir='ltr'><strong>libero</strong></span> <span class='ocrx_word' id='word_1_130' title='bbox 1318 1971 1410 2033; x_wconf 83' lang='lat' dir='ltr'><strong>tene-</strong></span> 
     </span>
     <span class='ocr_line' id='line_1_17' title="bbox 261 2051 1409 2136; baseline 0.002 -19"><span class='ocrx_word' id='word_1_131' title='bbox 261 2055 377 2118; x_wconf 89' lang='lat' dir='ltr'><strong>mento</strong></span> <span class='ocrx_word' id='word_1_132' title='bbox 403 2073 464 2117; x_wconf 91' lang='lat' dir='ltr'><strong>suo</strong></span> <span class='ocrx_word' id='word_1_133' title='bbox 489 2052 577 2136; x_wconf 92' lang='lat' dir='ltr'><strong>quod</strong></span> <span class='ocrx_word' id='word_1_134' title='bbox 604 2051 645 2118; x_wconf 88' lang='lat' dir='ltr'><strong>de</strong></span> <span class='ocrx_word' id='word_1_135' title='bbox 669 2071 709 2117; x_wconf 92' lang='lat' dir='ltr'><strong>eo</strong></span> <span class='ocrx_word' id='word_1_136' title='bbox 732 2055 829 2116; x_wconf 89' lang='lat' dir='ltr'><strong>tenet</strong></span> <span class='ocrx_word' id='word_1_137' title='bbox 853 2051 890 2114; x_wconf 92' lang='lat' dir='ltr'><strong>in</strong></span> <span class='ocrx_word' id='word_1_138' title='bbox 910 2051 1086 2133; x_wconf 83' lang='lat' dir='ltr'><strong>Hellebelr,</strong></span> <span class='ocrx_word' id='word_1_139' title='bbox 1103 2055 1142 2116; x_wconf 89' lang='lat' dir='ltr'><strong>ut</strong></span> <span class='ocrx_word' id='word_1_140' title='bbox 1157 2053 1194 2116; x_wconf 90' lang='lat' dir='ltr'><strong>in</strong></span> <span class='ocrx_word' id='word_1_141' title='bbox 1208 2053 1409 2134; x_wconf 85' lang='lat' dir='ltr'><strong>redditibus,</strong></span> 
     </span>
     <span class='ocr_line' id='line_1_18' title="bbox 261 2137 988 2225; baseline -0.001 -21"><span class='ocrx_word' id='word_1_142' title='bbox 261 2139 452 2225; x_wconf 84' lang='lat' dir='ltr'><strong>arreragiis,</strong></span> <span class='ocrx_word' id='word_1_143' title='bbox 469 2143 504 2204; x_wconf 91' lang='lat' dir='ltr'><strong>et</strong></span> <span class='ocrx_word' id='word_1_144' title='bbox 518 2138 605 2203; x_wconf 80' lang='lat' dir='ltr'><strong>uliis.</strong></span> <span class='ocrx_word' id='word_1_145' title='bbox 650 2139 697 2202; x_wconf 95' lang='grc'><strong>111</strong></span> <span class='ocrx_word' id='word_1_146' title='bbox 712 2137 785 2224; x_wconf 86' lang='lat' dir='ltr'><strong>ipse</strong></span> <span class='ocrx_word' id='word_1_147' title='bbox 800 2158 869 2204; x_wconf 91' lang='lat' dir='ltr'><strong>non</strong></span> <span class='ocrx_word' id='word_1_148' title='bbox 884 2137 988 2203; x_wconf 79' lang='lat' dir='ltr'><strong>venit.</strong></span> 
     </span>
    </p>
   </div>
   <div class='ocr_carea' id='block_1_5' title="bbox 262 2293 1485 2486">
    <p class='ocr_par' dir='ltr' id='par_1_6' title="bbox 262 2293 1485 2486">
     <span class='ocr_line' id='line_1_19' title="bbox 327 2293 1412 2383; baseline 0.004 -25"><span class='ocrx_word' id='word_1_149' title='bbox 327 2293 767 2360; x_wconf 87' lang='lat' dir='ltr'><strong>Westmerl’.-Willelmus</strong></span> <span class='ocrx_word' id='word_1_150' title='bbox 789 2293 878 2359; x_wconf 88' lang='lat' dir='ltr'><strong>filins</strong></span> <span class='ocrx_word' id='word_1_151' title='bbox 904 2294 1030 2380; x_wconf 86' lang='lat' dir='ltr'><strong>Rogeri</strong></span> <span class='ocrx_word' id='word_1_152' title='bbox 1061 2295 1102 2363; x_wconf 85' lang='lat' dir='ltr'><strong>de</strong></span> <span class='ocrx_word' id='word_1_153' title='bbox 1133 2295 1297 2383; x_wconf 81' lang='lat' dir='ltr'><strong>Horsleye</strong></span> <span class='ocrx_word' id='word_1_154' title='bbox 1325 2297 1412 2383; x_wconf 87' lang='lat' dir='ltr'><strong>petit</strong></span> 
     </span>
     <span class='ocr_line' id='line_1_20' title="bbox 262 2381 1485 2486; baseline 0.002 -40"><span class='ocrx_word' id='word_1_155' title='bbox 262 2401 377 2447; x_wconf 86' lang='lat' dir='ltr'><strong>versus</strong></span> <span class='ocrx_word' id='word_1_156' title='bbox 401 2381 567 2447; x_wconf 68' lang='lat' dir='ltr'><strong>&#39;rhomam</strong></span> <span class='ocrx_word' id='word_1_157' title='bbox 592 2381 634 2448; x_wconf 88' lang='lat' dir='ltr'><strong>de</strong></span> <span class='ocrx_word' id='word_1_158' title='bbox 657 2381 859 2468; x_wconf 85' lang='lat' dir='ltr'><strong>Musegrave</strong></span> <span class='ocrx_word' id='word_1_159' title='bbox 882 2403 988 2446; x_wconf 89' lang='lat' dir='ltr'><strong>unum</strong></span> <span class='ocrx_word' id='word_1_160' title='bbox 1011 2384 1238 2486; x_wconf 74' lang='lat' dir='ltr'><strong>messuagium</strong></span> <span class='ocrx_word' id='word_1_161' title='bbox 1256 2387 1291 2451; x_wconf 90' lang='lat' dir='ltr'><strong>et</strong></span> <span class='ocrx_word' id='word_1_162' title='bbox 1307 2407 1411 2449; x_wconf 87' lang='lat' dir='ltr'><strong>unam</strong></span> <span class='ocrx_word' id='word_1_163' title='bbox 1478 2397 1485 2410; x_wconf 89' lang='grc'><em>·</em></span> 
     </span>
    </p>
   </div>
   <div class='ocr_carea' id='block_1_6' title="bbox 262 2467 1414 3338">
    <p class='ocr_par' dir='ltr' id='par_1_7' title="bbox 262 2467 1414 3338">
     <span class='ocr_line' id='line_1_21' title="bbox 263 2467 1409 2556; baseline 0.004 -24"><span class='ocrx_word' id='word_1_164' title='bbox 263 2467 419 2533; x_wconf 84' lang='lat' dir='ltr'><strong>bovatam</strong></span> <span class='ocrx_word' id='word_1_165' title='bbox 435 2471 533 2533; x_wconf 85' lang='lat' dir='ltr'><strong>terrae</strong></span> <span class='ocrx_word' id='word_1_166' title='bbox 548 2489 624 2534; x_wconf 91' lang='lat' dir='ltr'><strong>cum</strong></span> <span class='ocrx_word' id='word_1_167' title='bbox 638 2467 856 2553; x_wconf 88' lang='lat' dir='ltr'><strong>pertinentiis</strong></span> <span class='ocrx_word' id='word_1_168' title='bbox 871 2468 909 2532; x_wconf 92' lang='lat' dir='ltr'><strong>in</strong></span> <span class='ocrx_word' id='word_1_169' title='bbox 924 2469 1085 2550; x_wconf 86' lang='lat' dir='ltr'><strong>Morton&#39;,</strong></span> <span class='ocrx_word' id='word_1_170' title='bbox 1096 2474 1135 2534; x_wconf 90' lang='lat' dir='ltr'><strong>ut</strong></span> <span class='ocrx_word' id='word_1_171' title='bbox 1149 2491 1206 2556; x_wconf 78' lang='lat' dir='ltr'><strong>Jus</strong></span> <span class='ocrx_word' id='word_1_172' title='bbox 1222 2493 1330 2553; x_wconf 89' lang='lat' dir='ltr'><strong>suum,</strong></span> <span class='ocrx_word' id='word_1_173' title='bbox 1346 2476 1409 2538; x_wconf 90' lang='grc'><strong>616.</strong></span> 
     </span>
     <span class='ocr_line' id='line_1_22' title="bbox 262 2555 1413 2640; baseline 0.005 -21"><span class='ocrx_word' id='word_1_174' title='bbox 262 2556 309 2619; x_wconf 80' lang='lat' dir='ltr'><strong>Et</strong></span> <span class='ocrx_word' id='word_1_175' title='bbox 323 2555 480 2634; x_wconf 77' lang='lat' dir='ltr'><strong>Thomas,</strong></span> <span class='ocrx_word' id='word_1_176' title='bbox 496 2575 556 2640; x_wconf 91' lang='lat' dir='ltr'><strong>per</strong></span> <span class='ocrx_word' id='word_1_177' title='bbox 578 2558 790 2620; x_wconf 88' lang='lat' dir='ltr'><strong>attornatum</strong></span> <span class='ocrx_word' id='word_1_178' title='bbox 807 2577 916 2636; x_wconf 88' lang='lat' dir='ltr'><strong>suum,</strong></span> <span class='ocrx_word' id='word_1_179' title='bbox 932 2557 1026 2620; x_wconf 86' lang='lat' dir='ltr'><strong>venit</strong></span> <span class='ocrx_word' id='word_1_180' title='bbox 1048 2562 1083 2622; x_wconf 89' lang='lat' dir='ltr'><strong>et</strong></span> <span class='ocrx_word' id='word_1_181' title='bbox 1105 2557 1189 2623; x_wconf 84' lang='lat' dir='ltr'><strong>alias</strong></span> <span class='ocrx_word' id='word_1_182' title='bbox 1212 2563 1312 2624; x_wconf 85' lang='lat' dir='ltr'><strong>vocat</strong></span> <span class='ocrx_word' id='word_1_183' title='bbox 1333 2560 1413 2625; x_wconf 90' lang='lat' dir='ltr'><strong>inde</strong></span> 
     </span>
     <span class='ocr_line' id='line_1_23' title="bbox 264 2641 1412 2732; baseline 0.003 -25"><span class='ocrx_word' id='word_1_184' title='bbox 264 2642 307 2707; x_wconf 88' lang='lat' dir='ltr'><strong>ad</strong></span> <span class='ocrx_word' id='word_1_185' title='bbox 333 2645 539 2708; x_wconf 83' lang='lat' dir='ltr'><strong>warrantum</strong></span> <span class='ocrx_word' id='word_1_186' title='bbox 563 2641 735 2726; x_wconf 82' lang='lat' dir='ltr'><strong>Rogerum</strong></span> <span class='ocrx_word' id='word_1_187' title='bbox 761 2642 870 2707; x_wconf 85' lang='lat' dir='ltr'><strong>filium</strong></span> <span class='ocrx_word' id='word_1_188' title='bbox 896 2643 1069 2728; x_wconf 87' lang='lat' dir='ltr'><strong>Radnlphi</strong></span> <span class='ocrx_word' id='word_1_189' title='bbox 1095 2643 1137 2710; x_wconf 92' lang='lat' dir='ltr'><strong>de</strong></span> <span class='ocrx_word' id='word_1_190' title='bbox 1163 2644 1328 2732; x_wconf 85' lang='lat' dir='ltr'><strong>Horsleye</strong></span> <span class='ocrx_word' id='word_1_191' title='bbox 1355 2647 1412 2730; x_wconf 92' lang='lat' dir='ltr'><strong>qui</strong></span> 
     </span>
     <span class='ocr_line' id='line_1_24' title="bbox 264 2727 1414 2820; baseline 0.005 -27"><span class='ocrx_word' id='word_1_192' title='bbox 264 2728 362 2794; x_wconf 88' lang='lat' dir='ltr'><strong>modo</strong></span> <span class='ocrx_word' id='word_1_193' title='bbox 388 2727 482 2794; x_wconf 86' lang='lat' dir='ltr'><strong>venit</strong></span> <span class='ocrx_word' id='word_1_194' title='bbox 507 2749 567 2814; x_wconf 90' lang='lat' dir='ltr'><strong>per</strong></span> <span class='ocrx_word' id='word_1_195' title='bbox 593 2729 901 2809; x_wconf 84' lang='lat' dir='ltr'><strong>summonitionem,</strong></span> <span class='ocrx_word' id='word_1_196' title='bbox 930 2731 966 2796; x_wconf 92' lang='lat' dir='ltr'><strong>et</strong></span> <span class='ocrx_word' id='word_1_197' title='bbox 989 2730 1077 2815; x_wconf 89' lang='lat' dir='ltr'><strong>petit</strong></span> <span class='ocrx_word' id='word_1_198' title='bbox 1104 2731 1170 2796; x_wconf 90' lang='lat' dir='ltr'><strong>sibi</strong></span> <span class='ocrx_word' id='word_1_199' title='bbox 1193 2734 1327 2798; x_wconf 91' lang='lat' dir='ltr'><strong>ostendi</strong></span> <span class='ocrx_word' id='word_1_200' title='bbox 1353 2755 1414 2820; x_wconf 91' lang='lat' dir='ltr'><strong>per</strong></span> 
     </span>
     <span class='ocr_line' id='line_1_25' title="bbox 263 2815 1413 2902; baseline 0.006 -22"><span class='ocrx_word' id='word_1_201' title='bbox 263 2816 351 2902; x_wconf 90' lang='lat' dir='ltr'><strong>quod</strong></span> <span class='ocrx_word' id='word_1_202' title='bbox 367 2815 400 2882; x_wconf 88' lang='lat' dir='ltr'><strong>ei</strong></span> <span class='ocrx_word' id='word_1_203' title='bbox 415 2815 649 2882; x_wconf 74' lang='lat' dir='ltr'><strong>warrantizare</strong></span> <span class='ocrx_word' id='word_1_204' title='bbox 665 2815 796 2897; x_wconf 89' lang='lat' dir='ltr'><strong>debeat,</strong></span> <span class='ocrx_word' id='word_1_205' title='bbox 812 2821 876 2883; x_wconf 82' lang='lat' dir='ltr'><strong>ete.</strong></span> <span class='ocrx_word' id='word_1_206' title='bbox 922 2817 968 2880; x_wconf 81' lang='lat' dir='ltr'><strong>Et</strong></span> <span class='ocrx_word' id='word_1_207' title='bbox 981 2817 1128 2883; x_wconf 76' lang='lat' dir='ltr'><strong>Thomas</strong></span> <span class='ocrx_word' id='word_1_208' title='bbox 1143 2819 1247 2884; x_wconf 87' lang='lat' dir='ltr'><strong>nichil</strong></span> <span class='ocrx_word' id='word_1_209' title='bbox 1262 2821 1413 2887; x_wconf 87' lang='lat' dir='ltr'><strong>ostendit</strong></span> 
     </span>
     <span class='ocr_line' id='line_1_26' title="bbox 262 2903 1411 2991; baseline 0.006 -24"><span class='ocrx_word' id='word_1_210' title='bbox 262 2924 322 2988; x_wconf 86' lang='lat' dir='ltr'><strong>per</strong></span> <span class='ocrx_word' id='word_1_211' title='bbox 351 2903 440 2987; x_wconf 90' lang='lat' dir='ltr'><strong>quod</strong></span> <span class='ocrx_word' id='word_1_212' title='bbox 470 2903 578 2988; x_wconf 88' lang='lat' dir='ltr'><strong>possit</strong></span> <span class='ocrx_word' id='word_1_213' title='bbox 606 2903 803 2988; x_wconf 76' lang='lat' dir='ltr'><strong>pradictum</strong></span> <span class='ocrx_word' id='word_1_214' title='bbox 832 2904 1004 2989; x_wconf 84' lang='lat' dir='ltr'><strong>Rogemm</strong></span> <span class='ocrx_word' id='word_1_215' title='bbox 1033 2905 1140 2991; x_wconf 86' lang='lat' dir='ltr'><strong>ligare</strong></span> <span class='ocrx_word' id='word_1_216' title='bbox 1167 2907 1210 2970; x_wconf 91' lang='lat' dir='ltr'><strong>ad</strong></span> <span class='ocrx_word' id='word_1_217' title='bbox 1236 2910 1411 2974; x_wconf 85' lang='lat' dir='ltr'><strong>warranti-</strong></span> 
     </span>
     <span class='ocr_line' id='line_1_27' title="bbox 266 2989 1411 3081; baseline 0.006 -27"><span class='ocrx_word' id='word_1_218' title='bbox 266 2990 421 3061; x_wconf 84' lang='lat' dir='ltr'><strong>nandum.</strong></span> <span class='ocrx_word' id='word_1_219' title='bbox 465 2990 511 3054; x_wconf 89' lang='grc'><strong>111</strong></span> <span class='ocrx_word' id='word_1_220' title='bbox 531 2989 607 3055; x_wconf 89' lang='grc'><strong>1166</strong></span> <span class='ocrx_word' id='word_1_221' title='bbox 628 2990 878 3055; x_wconf 87' lang='lat' dir='ltr'><strong>consideratum</strong></span> <span class='ocrx_word' id='word_1_222' title='bbox 894 2991 1048 3076; x_wconf 91' lang='lat' dir='ltr'><strong>estquod</strong></span> <span class='ocrx_word' id='word_1_223' title='bbox 1064 2993 1243 3077; x_wconf 74' lang='lat' dir='ltr'><strong>pradictus</strong></span> <span class='ocrx_word' id='word_1_224' title='bbox 1260 2997 1411 3081; x_wconf 73' lang='lat' dir='ltr'><strong>segerus</strong></span> 
     </span>
     <span class='ocr_line' id='line_1_28' title="bbox 264 3077 1412 3163; baseline 0.006 -21"><span class='ocrx_word' id='word_1_225' title='bbox 264 3084 320 3144; x_wconf 93' lang='lat' dir='ltr'><strong>eat</strong></span> <span class='ocrx_word' id='word_1_226' title='bbox 352 3077 487 3161; x_wconf 88' lang='lat' dir='ltr'><strong>quietus</strong></span> <span class='ocrx_word' id='word_1_227' title='bbox 519 3078 559 3143; x_wconf 93' lang='lat' dir='ltr'><strong>de</strong></span> <span class='ocrx_word' id='word_1_228' title='bbox 589 3078 782 3156; x_wconf 74' lang='lat' dir='ltr'><strong>narrantia,</strong></span> <span class='ocrx_word' id='word_1_229' title='bbox 818 3082 853 3143; x_wconf 91' lang='lat' dir='ltr'><strong>et</strong></span> <span class='ocrx_word' id='word_1_230' title='bbox 883 3078 971 3162; x_wconf 89' lang='lat' dir='ltr'><strong>quod</strong></span> <span class='ocrx_word' id='word_1_231' title='bbox 1011 3079 1192 3163; x_wconf 65' lang='lat' dir='ltr'><strong>praedictus</strong></span> <span class='ocrx_word' id='word_1_232' title='bbox 1222 3080 1412 3149; x_wconf 90' lang='lat' dir='ltr'><strong>Willelmus</strong></span> 
     </span>
     <span class='ocr_line' id='line_1_29' title="bbox 263 3164 1411 3251; baseline 0.005 -23"><span class='ocrx_word' id='word_1_233' title='bbox 263 3168 437 3249; x_wconf 85' lang='lat' dir='ltr'><strong>recuperet</strong></span> <span class='ocrx_word' id='word_1_234' title='bbox 450 3164 530 3228; x_wconf 87' lang='lat' dir='ltr'><strong>inde</strong></span> <span class='ocrx_word' id='word_1_235' title='bbox 545 3165 714 3250; x_wconf 85' lang='lat' dir='ltr'><strong>seysinam</strong></span> <span class='ocrx_word' id='word_1_236' title='bbox 730 3185 826 3229; x_wconf 86' lang='lat' dir='ltr'><strong>suam</strong></span> <span class='ocrx_word' id='word_1_237' title='bbox 842 3185 956 3230; x_wconf 83' lang='lat' dir='ltr'><strong>versus</strong></span> <span class='ocrx_word' id='word_1_238' title='bbox 971 3165 1171 3251; x_wconf 77' lang='lat' dir='ltr'><strong>pradictum</strong></span> <span class='ocrx_word' id='word_1_239' title='bbox 1185 3167 1361 3251; x_wconf 80' lang='lat' dir='ltr'><strong>Thomam,</strong></span> <span class='ocrx_word' id='word_1_240' title='bbox 1376 3175 1411 3238; x_wconf 87' lang='lat' dir='ltr'><strong>et</strong></span> 
     </span>
     <span class='ocr_line' id='line_1_30' title="bbox 262 3250 567 3338; baseline 0.003 -23"><span class='ocrx_word' id='word_1_241' title='bbox 262 3251 385 3338; x_wconf 90' lang='lat' dir='ltr'><strong>ipsein</strong></span> <span class='ocrx_word' id='word_1_242' title='bbox 400 3250 487 3332; x_wconf 83' lang='lat' dir='ltr'><strong>mis’,</strong></span> <span class='ocrx_word' id='word_1_243' title='bbox 503 3255 567 3316; x_wconf 88' lang='grc'><strong>616.</strong></span> 
     </span>
    </p>
   </div>
   <div class='ocr_carea' id='block_1_7' title="bbox 264 3403 1439 3926">
    <p class='ocr_par' dir='ltr' id='par_1_8' title="bbox 264 3403 1439 3926">
     <span class='ocr_line' id='line_1_31' title="bbox 328 3403 1411 3496; baseline 0.005 -25"><span class='ocrx_word' id='word_1_244' title='bbox 328 3403 741 3472; x_wconf 81' lang='lat' dir='ltr'><strong>Oumberl’.-Theofania</strong></span> <span class='ocrx_word' id='word_1_245' title='bbox 762 3407 834 3472; x_wconf 88' lang='lat' dir='ltr'><strong>filia</strong></span> <span class='ocrx_word' id='word_1_246' title='bbox 855 3407 993 3473; x_wconf 83' lang='lat' dir='ltr'><strong>Amiciae</strong></span> <span class='ocrx_word' id='word_1_247' title='bbox 1012 3409 1122 3475; x_wconf 86' lang='lat' dir='ltr'><strong>Werri</strong></span> <span class='ocrx_word' id='word_1_248' title='bbox 1146 3413 1181 3474; x_wconf 92' lang='lat' dir='ltr'><strong>et</strong></span> <span class='ocrx_word' id='word_1_249' title='bbox 1206 3409 1411 3496; x_wconf 82' lang='lat' dir='ltr'><strong>Margareta,</strong></span> 
     </span>
     <span class='ocr_line' id='line_1_32' title="bbox 265 3493 1411 3579; baseline 0.004 -22"><span class='ocrx_word' id='word_1_250' title='bbox 265 3512 358 3557; x_wconf 92' lang='lat' dir='ltr'><strong>soror</strong></span> <span class='ocrx_word' id='word_1_251' title='bbox 372 3493 459 3577; x_wconf 86' lang='lat' dir='ltr'><strong>ejus,</strong></span> <span class='ocrx_word' id='word_1_252' title='bbox 474 3494 672 3577; x_wconf 84' lang='lat' dir='ltr'><strong>optulerunt</strong></span> <span class='ocrx_word' id='word_1_253' title='bbox 694 3515 729 3558; x_wconf 90' lang='grc'><strong>66</strong></span> <span class='ocrx_word' id='word_1_254' title='bbox 750 3493 829 3579; x_wconf 71' lang='grc' dir='ltr'><strong>1111ιο</strong></span> <span class='ocrx_word' id='word_1_255' title='bbox 850 3495 904 3560; x_wconf 85' lang='grc'><strong>116</strong></span> <span class='ocrx_word' id='word_1_256' title='bbox 925 3516 1039 3561; x_wconf 83' lang='lat' dir='ltr'><strong>versus</strong></span> <span class='ocrx_word' id='word_1_257' title='bbox 1063 3496 1212 3563; x_wconf 86' lang='lat' dir='ltr'><strong>Priorem</strong></span> <span class='ocrx_word' id='word_1_258' title='bbox 1228 3497 1270 3564; x_wconf 92' lang='lat' dir='ltr'><strong>de</strong></span> <span class='ocrx_word' id='word_1_259' title='bbox 1285 3497 1411 3564; x_wconf 67' lang='grc'><strong>116661-</strong></span> 
     </span>
     <span class='ocr_line' id='line_1_33' title="bbox 265 3579 1411 3668; baseline 0.005 -24"><span class='ocrx_word' id='word_1_260' title='bbox 265 3584 347 3660; x_wconf 89' lang='grc'><strong>6661,</strong></span> <span class='ocrx_word' id='word_1_261' title='bbox 374 3579 415 3646; x_wconf 91' lang='grc'><strong>16</strong></span> <span class='ocrx_word' id='word_1_262' title='bbox 438 3579 564 3665; x_wconf 90' lang='lat' dir='ltr'><strong>placito</strong></span> <span class='ocrx_word' id='word_1_263' title='bbox 587 3579 677 3663; x_wconf 90' lang='lat' dir='ltr'><strong>quod</strong></span> <span class='ocrx_word' id='word_1_264' title='bbox 696 3580 816 3646; x_wconf 89' lang='lat' dir='ltr'><strong>reddat</strong></span> <span class='ocrx_word' id='word_1_265' title='bbox 830 3581 880 3646; x_wconf 90' lang='lat' dir='ltr'><strong>eis</strong></span> <span class='ocrx_word' id='word_1_266' title='bbox 896 3583 1076 3666; x_wconf 86' lang='lat' dir='ltr'><strong>quamdam</strong></span> <span class='ocrx_word' id='word_1_267' title='bbox 1091 3587 1229 3665; x_wconf 83' lang='lat' dir='ltr'><strong>cartam,</strong></span> <span class='ocrx_word' id='word_1_268' title='bbox 1246 3605 1347 3668; x_wconf 88' lang='lat' dir='ltr'><strong>quam</strong></span> <span class='ocrx_word' id='word_1_269' title='bbox 1362 3585 1411 3651; x_wconf 90' lang='lat' dir='ltr'><strong>eis</strong></span> 
     </span>
     <span class='ocr_line' id='line_1_34' title="bbox 264 3666 1439 3754; baseline 0.005 -24"><span class='ocrx_word' id='word_1_270' title='bbox 264 3667 390 3749; x_wconf 86' lang='lat' dir='ltr'><strong>injuste</strong></span> <span class='ocrx_word' id='word_1_271' title='bbox 411 3666 553 3747; x_wconf 86' lang='lat' dir='ltr'><strong>detinet,</strong></span> <span class='ocrx_word' id='word_1_272' title='bbox 569 3670 632 3732; x_wconf 89' lang='grc'><strong>616.</strong></span> <span class='ocrx_word' id='word_1_273' title='bbox 677 3667 723 3733; x_wconf 78' lang='lat' dir='ltr'><strong>Et</strong></span> <span class='ocrx_word' id='word_1_274' title='bbox 748 3667 821 3752; x_wconf 88' lang='lat' dir='ltr'><strong>ipse</strong></span> <span class='ocrx_word' id='word_1_275' title='bbox 845 3689 913 3733; x_wconf 90' lang='lat' dir='ltr'><strong>non</strong></span> <span class='ocrx_word' id='word_1_276' title='bbox 936 3670 1039 3735; x_wconf 82' lang='lat' dir='ltr'><strong>venit.</strong></span> <span class='ocrx_word' id='word_1_277' title='bbox 1085 3672 1131 3735; x_wconf 81' lang='lat' dir='ltr'><strong>Et</strong></span> <span class='ocrx_word' id='word_1_278' title='bbox 1153 3673 1410 3754; x_wconf 74' lang='lat' dir='ltr'><strong>summoniatum,</strong></span> <span class='ocrx_word' id='word_1_279' title='bbox 1436 3697 1439 3708; x_wconf 93' lang='lat'>·</span> 
     </span>
     <span class='ocr_line' id='line_1_35' title="bbox 264 3753 1410 3844; baseline 0.006 -27"><span class='ocrx_word' id='word_1_280' title='bbox 264 3755 328 3818; x_wconf 89' lang='lat' dir='ltr'><strong>etc.</strong></span> <span class='ocrx_word' id='word_1_281' title='bbox 373 3753 396 3817; x_wconf 88' lang='lat' dir='ltr'><strong>J</strong></span> <span class='ocrx_word' id='word_1_282' title='bbox 397 3753 556 3835; x_wconf 90' lang='lat' dir='ltr'><strong>udicium,</strong></span> <span class='ocrx_word' id='word_1_283' title='bbox 581 3754 788 3822; x_wconf 85' lang='lat' dir='ltr'><strong>attachietur</strong></span> <span class='ocrx_word' id='word_1_284' title='bbox 811 3755 900 3839; x_wconf 88' lang='lat' dir='ltr'><strong>quod</strong></span> <span class='ocrx_word' id='word_1_285' title='bbox 922 3756 969 3820; x_wconf 89' lang='lat' dir='ltr'><strong>sit</strong></span> <span class='ocrx_word' id='word_1_286' title='bbox 984 3757 1074 3842; x_wconf 88' lang='lat' dir='ltr'><strong>apud</strong></span> <span class='ocrx_word' id='word_1_287' title='bbox 1088 3758 1241 3844; x_wconf 86' lang='lat' dir='ltr'><strong>Appelby</strong></span> <span class='ocrx_word' id='word_1_288' title='bbox 1255 3759 1293 3822; x_wconf 93' lang='lat' dir='ltr'><strong>in</strong></span> <span class='ocrx_word' id='word_1_289' title='bbox 1308 3761 1410 3826; x_wconf 82' lang='lat' dir='ltr'><strong>comi·</strong></span> 
     </span>
     <span class='ocr_line' id='line_1_36' title="bbox 265 3840 1312 3926; baseline 0.008 -22"><span class='ocrx_word' id='word_1_290' title='bbox 265 3843 342 3904; x_wconf 89' lang='lat' dir='ltr'><strong>tatu</strong></span> <span class='ocrx_word' id='word_1_291' title='bbox 356 3840 649 3906; x_wconf 83' lang='lat' dir='ltr'><strong>Westmerlandiae</strong></span> <span class='ocrx_word' id='word_1_292' title='bbox 663 3864 684 3907; x_wconf 92' lang='lat' dir='ltr'><strong>a</strong></span> <span class='ocrx_word' id='word_1_293' title='bbox 699 3842 754 3909; x_wconf 92' lang='lat' dir='ltr'><strong>die</strong></span> <span class='ocrx_word' id='word_1_294' title='bbox 770 3843 884 3908; x_wconf 81' lang='lat' dir='ltr'><strong>Pasoae</strong></span> <span class='ocrx_word' id='word_1_295' title='bbox 899 3842 935 3906; x_wconf 90' lang='lat' dir='ltr'><strong>in</strong></span> <span class='ocrx_word' id='word_1_296' title='bbox 950 3865 1055 3908; x_wconf 89' lang='lat' dir='ltr'><strong>unum</strong></span> <span class='ocrx_word' id='word_1_297' title='bbox 1070 3865 1231 3926; x_wconf 88' lang='lat' dir='ltr'><strong>mensem,</strong></span> <span class='ocrx_word' id='word_1_298' title='bbox 1247 3849 1312 3912; x_wconf 85' lang='lat' dir='ltr'><strong>eto.</strong></span> 
     </span>
    </p>
   </div>
   <div class='ocr_carea' id='block_1_8' title="bbox 264 3995 1412 4436">
    <p class='ocr_par' dir='ltr' id='par_1_9' title="bbox 264 3995 1412 4436">
     <span class='ocr_line' id='line_1_37' title="bbox 330 3995 1412 4087; baseline 0.009 -29"><span class='ocrx_word' id='word_1_299' title='bbox 330 3995 657 4065; x_wconf 87' lang='lat' dir='ltr'><strong>Westmerl&#39;.-Dies</strong></span> <span class='ocrx_word' id='word_1_300' title='bbox 674 3999 774 4065; x_wconf 88' lang='lat' dir='ltr'><strong>datus</strong></span> <span class='ocrx_word' id='word_1_301' title='bbox 792 4006 844 4067; x_wconf 89' lang='lat' dir='ltr'><strong>est</strong></span> <span class='ocrx_word' id='word_1_302' title='bbox 866 4001 1026 4082; x_wconf 85' lang='lat' dir='ltr'><strong>Roberto,</strong></span> <span class='ocrx_word' id='word_1_303' title='bbox 1043 4024 1193 4087; x_wconf 86' lang='lat' dir='ltr'><strong>parsonae</strong></span> <span class='ocrx_word' id='word_1_304' title='bbox 1208 4004 1355 4070; x_wconf 88' lang='lat' dir='ltr'><strong>ecclesiae</strong></span> <span class='ocrx_word' id='word_1_305' title='bbox 1370 4003 1412 4068; x_wconf 87' lang='lat' dir='ltr'><strong>de</strong></span> 
     </span>
     <span class='ocr_line' id='line_1_38' title="bbox 266 4084 1411 4174; baseline 0.008 -28"><span class='ocrx_word' id='word_1_306' title='bbox 266 4084 474 4170; x_wconf 88' lang='lat' dir='ltr'><strong>Warchcop&#39;,</strong></span> <span class='ocrx_word' id='word_1_307' title='bbox 499 4107 560 4170; x_wconf 90' lang='lat' dir='ltr'><strong>per</strong></span> <span class='ocrx_word' id='word_1_308' title='bbox 584 4089 795 4152; x_wconf 78' lang='lat' dir='ltr'><strong>attenuatum</strong></span> <span class='ocrx_word' id='word_1_309' title='bbox 822 4109 931 4170; x_wconf 89' lang='lat' dir='ltr'><strong>suum,</strong></span> <span class='ocrx_word' id='word_1_310' title='bbox 959 4090 1124 4174; x_wconf 84' lang='lat' dir='ltr'><strong>querenti,</strong></span> <span class='ocrx_word' id='word_1_311' title='bbox 1151 4095 1187 4156; x_wconf 93' lang='lat' dir='ltr'><strong>et</strong></span> <span class='ocrx_word' id='word_1_312' title='bbox 1209 4092 1337 4158; x_wconf 86' lang='lat' dir='ltr'><strong>Abbati</strong></span> <span class='ocrx_word' id='word_1_313' title='bbox 1370 4092 1411 4156; x_wconf 89' lang='lat' dir='ltr'><strong>de</strong></span> 
     </span>
     <span class='ocr_line' id='line_1_39' title="bbox 264 4170 1410 4264; baseline 0.006 -29"><span class='ocrx_word' id='word_1_314' title='bbox 264 4170 358 4236; x_wconf 86' lang='lat' dir='ltr'><strong>Bella</strong></span> <span class='ocrx_word' id='word_1_315' title='bbox 370 4172 499 4252; x_wconf 85' lang='lat' dir='ltr'><strong>Lauda,</strong></span> <span class='ocrx_word' id='word_1_316' title='bbox 511 4194 572 4257; x_wconf 89' lang='lat' dir='ltr'><strong>per</strong></span> <span class='ocrx_word' id='word_1_317' title='bbox 584 4177 795 4238; x_wconf 88' lang='lat' dir='ltr'><strong>attornatum</strong></span> <span class='ocrx_word' id='word_1_318' title='bbox 808 4196 916 4254; x_wconf 92' lang='lat' dir='ltr'><strong>suum,</strong></span> <span class='ocrx_word' id='word_1_319' title='bbox 933 4177 973 4242; x_wconf 90' lang='lat' dir='ltr'><strong>de</strong></span> <span class='ocrx_word' id='word_1_320' title='bbox 982 4176 1107 4261; x_wconf 90' lang='lat' dir='ltr'><strong>placito</strong></span> <span class='ocrx_word' id='word_1_321' title='bbox 1119 4179 1209 4262; x_wconf 90' lang='lat' dir='ltr'><strong>quod</strong></span> <span class='ocrx_word' id='word_1_322' title='bbox 1223 4180 1410 4264; x_wconf 88' lang='lat' dir='ltr'><strong>permittat,</strong></span> 
     </span>
     <span class='ocr_line' id='line_1_40' title="bbox 265 4259 1411 4351; baseline 0.006 -29"><span class='ocrx_word' id='word_1_323' title='bbox 265 4281 286 4322; x_wconf 89' lang='lat' dir='ltr'><strong>a</strong></span> <span class='ocrx_word' id='word_1_324' title='bbox 300 4259 354 4323; x_wconf 90' lang='lat' dir='ltr'><strong>die</strong></span> <span class='ocrx_word' id='word_1_325' title='bbox 369 4259 507 4324; x_wconf 84' lang='lat' dir='ltr'><strong>Paschae</strong></span> <span class='ocrx_word' id='word_1_326' title='bbox 521 4260 557 4324; x_wconf 91' lang='lat' dir='ltr'><strong>in</strong></span> <span class='ocrx_word' id='word_1_327' title='bbox 573 4282 679 4326; x_wconf 92' lang='lat' dir='ltr'><strong>unum</strong></span> <span class='ocrx_word' id='word_1_328' title='bbox 702 4283 800 4327; x_wconf 90' lang='lat' dir='ltr'><strong>suum</strong></span> <span class='ocrx_word' id='word_1_329' title='bbox 823 4283 973 4329; x_wconf 89' lang='lat' dir='ltr'><strong>mensem</strong></span> <span class='ocrx_word' id='word_1_330' title='bbox 994 4264 1083 4349; x_wconf 88' lang='lat' dir='ltr'><strong>apud</strong></span> <span class='ocrx_word' id='word_1_331' title='bbox 1099 4266 1264 4351; x_wconf 85' lang='lat' dir='ltr'><strong>Appelby,</strong></span> <span class='ocrx_word' id='word_1_332' title='bbox 1280 4267 1411 4331; x_wconf 87' lang='lat' dir='ltr'><strong>ratione</strong></span> 
     </span>
     <span class='ocr_line' id='line_1_41' title="bbox 264 4345 1054 4436; baseline 0.008 -26"><span class='ocrx_word' id='word_1_333' title='bbox 264 4345 431 4413; x_wconf 88' lang='lat' dir='ltr'><strong>libertatis</strong></span> <span class='ocrx_word' id='word_1_334' title='bbox 447 4347 553 4432; x_wconf 91' lang='lat' dir='ltr'><strong>ipsius</strong></span> <span class='ocrx_word' id='word_1_335' title='bbox 568 4348 712 4415; x_wconf 86' lang='lat' dir='ltr'><strong>Abbatis</strong></span> <span class='ocrx_word' id='word_1_336' title='bbox 727 4349 975 4436; x_wconf 87' lang='lat' dir='ltr'><strong>calumpniatae,</strong></span> <span class='ocrx_word' id='word_1_337' title='bbox 990 4355 1054 4417; x_wconf 90' lang='grc'><strong>616.</strong></span> 
     </span>
    </p>
   </div>
   <div class='ocr_carea' id='block_1_9' title="bbox 330 4509 1411 4603">
    <p class='ocr_par' dir='ltr' id='par_1_10' title="bbox 330 4509 1411 4603">
     <span class='ocr_line' id='line_1_42' title="bbox 330 4509 1411 4603; baseline 0.007 -28"><span class='ocrx_word' id='word_1_338' title='bbox 330 4509 635 4578; x_wconf 81' lang='lat' dir='ltr'><strong>Cumberl&#39;.—Dies</strong></span> <span class='ocrx_word' id='word_1_339' title='bbox 658 4511 757 4578; x_wconf 87' lang='lat' dir='ltr'><strong>datus</strong></span> <span class='ocrx_word' id='word_1_340' title='bbox 780 4515 834 4578; x_wconf 89' lang='lat' dir='ltr'><strong>est</strong></span> <span class='ocrx_word' id='word_1_341' title='bbox 848 4511 1019 4580; x_wconf 89' lang='lat' dir='ltr'><strong>Willelmo</strong></span> <span class='ocrx_word' id='word_1_342' title='bbox 1034 4515 1075 4580; x_wconf 90' lang='lat' dir='ltr'><strong>de</strong></span> <span class='ocrx_word' id='word_1_343' title='bbox 1090 4515 1253 4598; x_wconf 87' lang='lat' dir='ltr'><strong>Karlielo,</strong></span> <span class='ocrx_word' id='word_1_344' title='bbox 1269 4518 1411 4603; x_wconf 89' lang='lat' dir='ltr'><strong>petenti,</strong></span> 
     </span>
    </p>
   </div>
   <div class='ocr_carea' id='block_1_10' title="bbox 0 0 1640 5110">
    <p class='ocr_par' dir='ltr' id='par_1_11' title="bbox 0 0 1640 5110">
     <span class='ocr_line' id='line_1_43' title="bbox 0 0 1640 5110; baseline 0 0"><span class='ocrx_word' id='word_1_345' title='bbox 0 0 1640 5110; x_wconf 95' lang='lat' dir='ltr'><strong> </strong></span> 
     </span>
    </p>
   </div>
   <div class='ocr_carea' id='block_1_11' title="bbox 1629 0 1633 704">
    <p class='ocr_par' dir='ltr' id='par_1_12' title="bbox 1629 0 1633 704">
     <span class='ocr_line' id='line_1_44' title="bbox 1629 0 1633 704; baseline 0 0"><span class='ocrx_word' id='word_1_346' title='bbox 1629 0 1633 704; x_wconf 95' lang='lat' dir='ltr'><strong> </strong></span> 
     </span>
    </p>
   </div>
  </div>
 </body>
</html>
