3278 5104
366 535 480 582 nssmn
503 537 600 597 sona,
624 537 962 598 scarnensusnnnn,
986 517 1029 582 40
1051 538 1133 582 nnn.
1157 537 1211 582 111.
1302 515 1365 580 105

215 689 355 755 naldnm
370 691 411 756 de
429 691 569 758 Walton
583 693 625 757 de
640 691 770 758 felonia
784 697 819 757 et
834 713 916 778 pace
932 691 1061 757 domini
1082 690 1187 777 Regis
1201 690 1362 756 infracta.

215 777 262 842 Et
289 778 466 844 Waldefus
497 784 532 843 et
558 779 732 844 Walterns
763 782 861 846 modo
891 800 960 844 non
988 784 1165 859 venerunt,
1192 778 1269 843 ideo
1297 776 1365 862 ipsi

216 864 397 950 capiantur
411 871 446 931 et
460 866 565 951 plegii
581 867 633 931 sui
660 867 701 932 de
727 867 939 951 presquendo
965 867 1003 930 in
1026 867 1111 931 mis'.
1157 865 1268 950 Plegii
1282 886 1366 950 pree·

216 951 300 1018 dicti
313 952 432 1034 Aldefi,
444 953 555 1018 Adam
569 953 600 1020 le
616 954 759 1019 Provost
774 955 814 1021 de
830 954 995 1040 Alnewyk
1010 958 1045 1018 εὴ
1060 955 1080 1017 J
1083 954 1233 1018 ohannes
1243 953 1367 1017 Madur

217 1039 259 1104 de
289 1040 416 1106 eadem.
469 1040 580 1127 Plegii
614 1041 783 1122 Walteri,²
820 1042 866 1105 fil'
903 1041 1044 1108 Uctredi
1081 1041 1122 1106 de
1152 1040 1300 1104 Alnham
1332 1041 1367 1103 et

218 1125 342 1192 Daniel
357 1127 542 1193 decadem.
586 1129 633 1192 Et
655 1127 859 1195 Laurentius
882 1133 918 1194 et
940 1129 1093 1214 Rogerus
1109 1126 1281 1213 appellati,
1298 1148 1366 1191 non

217 1217 393 1296 venerunt,
403 1237 442 1281 eo
457 1215 548 1299 quod
561 1215 749 1281 Ooronator
763 1219 912 1282 testatur
926 1215 1015 1300 quod
1028 1215 1181 1301 praedicti
1193 1214 1366 1279 Walterus

217 1305 253 1365 et
268 1302 448 1369 waldefus
469 1324 540 1366 non
564 1305 791 1388 sequebantur
812 1303 981 1389 appellum
1005 1324 1103 1368 suum
1126 1302 1194 1366 nisi
1215 1302 1260 1366 ad
1282 1301 1367 1366 duos

218 1389 412 1471 comitatus,
428 1392 464 1455 et
485 1390 659 1476 appellati,
684 1397 850 1457 venerunt
874 1391 918 1455 ad
943 1391 1084 1455 tertium
1110 1392 1309 1455 comitatum
1332 1391 1367 1453 et

217 1481 429 1542 recesserunt
445 1478 517 1542 sine
533 1477 587 1541 die
602 1499 715 1544 versus
731 1499 798 1542 eos.
844 1477 890 1542 nt
913 1478 961 1564 xij
983 1479 1151 1562 juratores
1175 1476 1367 1542 concelere-

217 1567 299 1627 runt
314 1563 483 1649 loquelam
498 1565 611 1646 istam,
627 1565 704 1630 ideo
718 1563 755 1628 in
770 1564 858 1629 mis'.

283 1700 451 1768 Robertus
463 1700 732 1767 Molendinarius
742 1703 783 1767 de
793 1702 1000 1767 Thorenton’
1012 1701 1198 1786 appellavit
1209 1702 1245 1765 in
1255 1701 1366 1766 Oomi-

218 1790 295 1852 tatu
310 1788 498 1854 Robertum
508 1788 615 1853 filium
627 1789 792 1855 Bcatricis
808 1790 849 1854 de
866 1789 1014 1854 Meldon’
1031 1788 1072 1853 de
1087 1790 1219 1854 roheria
1234 1793 1270 1854 et
1284 1809 1367 1874 pace

218 1873 348 1939 domini
375 1875 481 1961 Regis
504 1877 663 1941 infracta.
709 1877 755 1940 Et
781 1877 880 1941 modo
903 1876 998 1941 venit
1023 1881 1058 1940 et
1086 1897 1154 1940 non
1177 1876 1251 1941 vult
1273 1875 1366 1960 sequi

218 1982 333 2027 versus
354 1984 440 2027 eum.
485 1963 568 2030 Ideo
594 1963 666 2049 ipse
687 1963 899 2028 custodiatur
920 1974 956 2028 ct
979 1962 1085 2048 plegii
1110 1963 1163 2027 sui
1187 1964 1229 2028 dc
1254 1984 1366 2047 prose-

218 2050 352 2133 quendo
367 2049 404 2113 in
420 2050 507 2131 mis’,
524 2050 664 2131 scilicet,
682 2051 799 2115 Simon
820 2049 1089 2116 Molendinarius
1105 2051 1146 2116 de
1161 2049 1316 2135 Thuysel
1331 2053 1367 2114 ct

218 2136 331 2221 Elyas,
349 2137 437 2203 filius
461 2138 611 2222 ejusdem
636 2138 792 2203 Simonis.
838 2139 884 2201 nt
906 2138 1074 2204 Robertus
1091 2137 1178 2201 filius
1201 2136 1366 2202 Beatricis

218 2223 324 2288 venit.
369 2224 415 2287 Et
427 2226 596 2310 juratores
613 2225 732 2290 dicunt
742 2225 831 2309 quod
846 2247 915 2290 non
932 2230 984 2290 est
1000 2224 1190 2311 culpabilis,
1203 2224 1278 2289 ideo
1288 2224 1367 2288 inde

220 2311 364 2395 quietus.
411 2312 535 2376 Postea
549 2316 716 2376 testatum
732 2317 785 2377 est
800 2312 890 2396 quod
904 2312 1084 2399 pradictus
1100 2312 1269 2377 Robertus
1292 2312 1366 2376 Mo-

218 2397 429 2463 lendinarius
457 2420 526 2463 non
556 2399 739 2485 appellavit
762 2399 874 2484 ipsum
905 2400 941 2463 in
972 2400 1136 2464 comitatu
1161 2403 1213 2464 set
1242 2399 1367 2464 levavit

218 2485 392 2552 hutesium
429 2493 465 2551 et
494 2486 698 2551 invenerunt
738 2487 917 2572 praedictos
947 2486 1078 2572 plegios
1109 2487 1266 2553 veniendi
1300 2486 1366 2550 hic.

219 2572 303 2636 Ideo
318 2573 424 2638 nichil
446 2574 487 2637 de
507 2573 641 2659 plegiis,
657 2578 709 2639 set
723 2576 824 2640 finem
838 2575 995 2641 iecerunt
1014 2595 1075 2659 pro
1097 2575 1172 2638 mis'
1188 2595 1249 2658 per
1270 2573 1367 2638 dimi-

220 2661 311 2725 diam
327 2681 475 2726 marcam
490 2682 550 2744 per
563 2660 713 2746 plegium
727 2659 965 2746 praedictorum
978 2661 1126 2726 Simonis
1137 2661 1282 2746 etElyae.
1320 2660 1367 2723 Et

219 2747 413 2812 Willelmus
431 2747 463 2812 le
487 2748 609 2812 Messir
631 2748 673 2813 (le
696 2747 895 2813 Newenton'
912 2747 1125 2813 attachiatur
1146 2747 1312 2828 similiter,
1328 2767 1368 2811 eo

221 2834 311 2919 quod
333 2834 458 2899 levavit
489 2835 657 2918 quoddam
683 2835 857 2900 hutesium
883 2856 985 2920 super
1008 2836 1154 2900 eundem
1182 2835 1367 2901 Robertum

222 2921 330 2986 filium
352 2921 530 3002 Beetricis,
553 2927 589 2985 ct
611 2921 743 2987 invenit
764 2923 894 3007 plegios
913 2922 1071 2987 veniendi
1093 2922 1158 2987 hic.
1205 2924 1250 2987 Et
1270 2922 1370 2986 modo

220 3029 290 3073 non
313 3009 417 3090 venit,
433 3008 510 3075 ideo
534 3008 607 3094 ipse
633 3012 668 3074 et
690 3008 796 3095 plegii
820 3009 873 3074 sui
897 3010 939 3074 de
964 3010 1197 3095 prosequendo
1221 3011 1258 3072 in
1281 3008 1368 3090 mis',

222 3096 361 3247 ppffippt,
377 3097 557 3248 (Iltobepltna
573 3099 671 3180 pater
689 3096 843 3182 ejusdem
866 3096 1031 3163 'Willclmi
1053 3097 1095 3160 de
1117 3095 1317 3177 Blakelawe,
1334 3099 1370 3160 et

251 3205 295 3249 uc
326 3204 363 3248 er
400 3204 474 3249 eea
498 3204 561 3248 em.

288 3321 340 3388 Dc
354 3320 505 3400 indictis,
523 3319 642 3384 dicunt
656 3321 745 3405 quod
761 3318 884 3385 Petrus
899 3319 1034 3406 Haytif,
1050 3319 1241 3386 Willelmus
1257 3321 1371 3407 Doget

222 3409 266 3474 de
281 3408 498 3488 Prudehowe,
518 3407 706 3474 Willelmus
722 3407 828 3472 Dofet
851 3408 892 3472 de
915 3408 1044 3488 eadem,
1060 3408 1190 3472 Alanus
1210 3407 1370 3474 Oarecta-

222 3497 293 3561 rius
309 3496 350 3562 de
367 3494 558 3574 Stokefoffl,
573 3494 766 3560 Willelmus
781 3494 823 3559 de
838 3494 1071 3575 Buchecastel‚
1088 3495 1256 3560 Mathaens
1279 3496 1369 3560 filius

223 3582 404 3648 Matillidis
428 3583 470 3647 de
500 3582 628 3662 eadem,
653 3581 819 3647 Ricardus
851 3581 940 3646 filius
970 3582 1150 3647 Matillidis
1177 3584 1218 3647 de
1243 3583 1370 3663 eadem,

225 3672 246 3735 J
248 3671 399 3735 ohannes
411 3669 644 3749 Buchecastel,
654 3669 840 3733 Waldeuus
853 3669 993 3735 clericus
1006 3670 1046 3734 de
1056 3669 1261 3754 Brecheleg',
1274 3669 1369 3734 Wal-

223 3761 318 3823 terus
340 3756 493 3836 Delcote,
509 3756 678 3821 Elrnnldus
701 3757 790 3820 filius
812 3756 895 3820 Adae
909 3756 1073 3821 Betcldur
1090 3756 1133 3822 de
1150 3757 1312 3841 Berewylr
1334 3762 1369 3824 et

223 3845 336 3911 Alicia
365 3866 449 3910 uxor
478 3844 565 3930 ejus,
595 3844 801 3909 Laurentius
828 3843 916 3907 filius
947 3843 1111 3908 Willclmi
1141 3844 1194 3910 del
1225 3845 1370 3926 chth',

225 3931 419 3997 Willelmus
444 3932 532 3996 filius
559 3931 697 3996 Thomae
722 3931 854 4015 Spink',
880 3930 1027 3995 Thomas
1051 3931 1139 3996 filius
1163 3930 1304 3997 Uctredi
1328 3933 1371 3997 de

225 4019 398 4104 Lipwnde,
420 4019 532 4084 Adam
555 4019 672 4084 Home
696 4019 738 4082 dc
760 4016 961 4097 Lichedcne,
982 4017 1182 4104 Ingeramus
1207 4019 1249 4082 de
1273 4019 1370 4086 (lole-

223 4107 323 4187 well'‚
334 4105 507 4171 Walterus
521 4105 553 4169 le
569 4105 765 4184 Ledbetere‚
775 4109 810 4170 ct
819 4104 973 4190 Rogerus
988 4106 1030 4170 de
1044 4105 1078 4169 la
1089 4104 1184 4170 Dcnc
1195 4105 1371 4173 subtraxe-

224 4199 306 4259 runt
314 4215 375 4278 pro
385 4195 592 4279 suspictione
602 4192 784 4272 latrocinii,
794 4194 830 4256 et
841 4212 955 4256 omnes
972 4191 1251 4258 malcoreduntur.
1290 4193 1373 4259 Ideo

224 4278 983 4453 {tettunltlttttt„litanti
981 4279 1205 4452 1119111111
1206 4280 1219 4344 i
1239 4279 1372 4434 titt

641 4415 650 4448 ,
1186 4414 1193 4431 .

470 4552 478 4585 ¹
495 4553 520 4604 A
531 4549 663 4605 chrictian
675 4565 749 4601 name
759 4550 781 4601 is
793 4549 902 4601 omitted
914 4548 975 4600 here
987 4548 1073 4600 before
1077 4547 1131 4613 fll’.
