3272 5092
403 516 516 563 sssrzn
539 517 636 580 noun,
659 518 995 582 ronrnumnnsrn,
1018 501 1060 566 58
1083 519 1165 566 nnn.
1189 520 1244 566 111.
1332 499 1395 565 193

251 689 362 735 comes
392 669 501 738 fecici
525 671 567 740 de
595 672 695 739 terris
720 677 756 739 et
779 673 922 754 catellis,
948 677 1012 740 eto.
1057 673 1104 740 Et
1128 694 1189 761 pro
1213 675 1288 756 hnc,
1314 677 1390 754 eto,
1503 627 1509 636 ·

253 758 434 842 praedictus
450 759 640 826 Willelmus
654 760 801 826 remittit
826 761 857 826 ci
880 761 994 826 omnin
1020 761 1166 848 dampna
1187 782 1260 848 quse
1273 761 1394 827 hebuit

253 844 429 912 occasione
444 846 652 914 detentionis
667 848 767 914 dicte
780 847 941 934 pecunie,
956 852 1021 916 etc.

317 981 486 1050 liebertus
502 984 544 1050 de
558 984 678 1052 Insula
686 983 812 1086 optulit
826 1005 862 1051 se
875 1005 990 1052 versus
1001 985 1024 1052 J
1024 985 1193 1054 ohannem
1201 985 1243 1054 dc
1251 985 1393 1052 Helton’

252 1069 294 1135 de
308 1069 435 1154 plucito
450 1071 538 1156 quod
555 1071 676 1138 reddet
689 1094 721 1139 er
736 1071 859 1139 cotella
873 1073 916 1137 ed
931 1072 1111 1140 velentium
1132 1073 1289 1140 undecim
1304 1073 1341 1138 e’
1356 1077 1392 1139 ct

252 1161 397 1241 quatuor
411 1158 457 1238 d’,
473 1179 547 1242 qum
561 1158 593 1225 ei
607 1159 737 1246 injuste
751 1159 892 1241 detinet,
902 1163 966 1226 etc.
1011 1161 1057 1225 Et
1070 1161 1143 1246 ipse
1158 1182 1224 1226 non
1237 1160 1338 1241 venit,
1354 1163 1390 1228 et

257 1245 515 1325 summoniotur,
542 1249 606 1312 etc.
650 1246 842 1327 Judicium3
864 1246 1083 1329 attechietur‚
1106 1247 1196 1333 qnod
1218 1247 1265 1314 sit
1287 1269 1309 1314 e
1337 1245 1392 1312 die

251 1330 369 1397 Sencti
384 1331 561 1399 Micheelis
577 1332 613 1398 in
628 1333 820 1421 quindecim
834 1333 905 1399 dies
920 1334 1011 1421 opud
1025 1333 1265 1421 Lcyoestriem.

315 1459 509 1528 Wiilelmus
538 1461 580 1528 de
609 1461 752 1548 Trovvylr
780 1461 874 1528 venit
902 1482 1015 1529 eorem
1039 1460 1240 1549 justiciariis
1268 1461 1326 1529 hic
1354 1465 1391 1529 et

253 1547 410 1632 cognovit
435 1549 525 1634 quod
539 1549 587 1615 sic
603 1549 801 1616 convenitur
816 1549 907 1614 inter
929 1548 1051 1635 ipsum,
1075 1571 1117 1616 ex
1140 1569 1208 1616 nnn
1231 1553 1339 1636 perte,
1355 1552 1391 1615 et

253 1633 445 1699 Gilbertum
468 1635 576 1700 filium
600 1635 747 1702 Geliridi
769 1636 812 1702 de
836 1635 1002 1716 Preston’,
1032 1657 1073 1704 ex
1102 1635 1217 1718 sitem,
1248 1636 1389 1716 scilicet,

251 1720 342 1805 quod
367 1721 439 1807 ipse
465 1723 655 1809 Willelmus
678 1723 810 1788 remisit
831 1727 867 1789 et
888 1723 1040 1810 quietum
1055 1723 1213 1789 clnmevit
1226 1744 1287 1809 pro
1304 1743 1339 1788 sc
1354 1727 1390 1789 et

252 1807 431 1874 heredibus
448 1811 518 1876 suis
532 1811 644 1876 totum
657 1810 714 1895 jus
728 1814 764 1876 et
778 1809 935 1876 clumium
957 1810 1046 1895 quod
1060 1810 1192 1892 hebuit,
1208 1810 1261 1876 vel
1275 1809 1387 1895 nliquo

250 1895 351 1960 modo
361 1895 486 1962 hebere
494 1898 617 1982 potuit,
633 1897 670 1960 in
686 1897 829 1982 quodum
836 1897 957 1983 plncie,
968 1919 1041 1983 quae
1055 1901 1108 1963 est
1121 1897 1219 1983 juxto
1229 1901 1389 1983 stsgnum

252 1983 436 2050 molendini
466 1985 519 2050 sni
542 1983 579 2048 in
602 1984 744 2070 Trovvylr
773 2005 814 2050 ex
840 1988 937 2070 perte
967 1983 1107 2050 australi
1135 1983 1227 2050 iilius
1252 1983 1387 2066 ductus,

251 2091 325 2154 ques
339 2076 478 2136 vocetur
493 2071 586 2157 Blye,
601 2070 655 2137 vel
669 2070 782 2156 ulique
803 2075 900 2156 porte
922 2070 1074 2158 ejusdem
1090 2071 1218 2157 plncioe,
1233 2070 1284 2136 ite
1299 2071 1389 2155 quod

251 2177 313 2222 nec
328 2157 400 2258 ipse
415 2178 477 2224 nec
492 2159 630 2226 heredes
646 2157 698 2223 sui
713 2179 775 2224 nec
794 2158 915 2310 eliffls
930 2157 1066 2224 nomine
1083 2179 1144 2225 suo
1157 2158 1211 2226 vel
1224 2177 1285 2245 per
1297 2157 1389 2244 ipsos

250 2242 379 2328 sliqmd
394 2244 436 2312 de
451 2249 562 2312 cetero
575 2245 709 2312 fodient
723 2245 776 2310 vel
790 2248 847 2310 tnr-
929 2244 1064 2331 cepient
1078 2245 1114 2309 in
1129 2246 1246 2311 eedem
1266 2243 1387 2330 plseic,

250 2331 302 2395 vel
312 2331 349 2395 in
360 2331 475 2416 otique
486 2332 553 2398 siin
561 2332 671 2418 plutio
681 2353 753 2417 quoe
763 2331 962 2417 eitexpnrte
974 2331 1115 2398 custrsii
1125 2330 1278 2416 praedicti
1289 2331 1390 2397 rivuli

250 2417 294 2482 ed
316 2421 478 2504 stagnum
500 2441 599 2484 suum
621 2419 817 2504 pmdictum
839 2418 1054 2486 exuendum
1074 2418 1126 2484 vel
1143 2418 1389 2486 emendandum

249 2505 301 2572 vel
331 2506 577 2589 sustinendum,
606 2505 873 2592 imperpetuum
901 2505 991 2590 quod
1027 2505 1057 2572 si
1092 2505 1204 2590 oiiquo
1239 2508 1389 2593 tempore

249 2591 406 2673 fecerint,
421 2593 494 2659 vult
509 2596 544 2658 et
558 2593 713 2660 concedit
726 2613 787 2678 pro
801 2592 875 2678 ipso
889 2597 925 2658 ct
946 2592 1124 2660 heredibus
1139 2592 1191 2658 vel
1206 2592 1389 2677 assignetis

251 2678 320 2744 suis
330 2679 366 2743 in
380 2681 606 2767 quodraginta
616 2680 642 2744 ε’
652 2679 837 2766 sterlingis,
849 2682 884 2746 et
893 2680 1079 2746 vicecomiti
1091 2679 1342 2745 Northumbriae
1352 2679 1389 2744 in

250 2787 320 2831 unc
341 2768 397 2847 m',
420 2787 481 2852 pro
506 2767 627 2853 quibus
653 2765 799 2833 deneriis
827 2766 943 2832 licebit
971 2767 1080 2832 eidem
1108 2765 1296 2833 vicecomiti
1321 2766 1389 2832 dis-

250 2853 400 2938 tringere
429 2855 519 2940 ipsos
548 2875 607 2940 per
635 2853 749 2920 omnis
775 2854 864 2920 bonu
892 2874 954 2920 sun
977 2852 1116 2919 mobilis
1139 2857 1175 2920 et
1203 2852 1387 2936 inmobilis,

252 2961 423 3027 quousque
446 2945 518 3006 tom
541 2941 701 3028 praedicto
727 2940 879 3007 Gilberto
901 2940 955 3008 vel
979 2940 1162 3027 assignetis
1188 2940 1258 3006 suis
1287 2961 1389 3026 quum

250 3027 317 3112 ipsi
342 3028 530 3094 vicecomiti
554 3028 595 3094 de
617 3027 786 3114 predictis
808 3027 955 3095 denariis
978 3027 1207 3094 satisfecerint
1227 3027 1387 3113 plenarie,

251 3114 340 3266 sicuft
362 3115 494 3200 plenius
520 3115 714 3183 continetur
736 3115 773 3178 in
797 3115 942 3200 quodum
966 3113 1091 3201 scripto
1114 3113 1193 3180 inde
1216 3114 1307 3182 inter
1332 3133 1388 3182 eos

251 3220 290 3267 co
331 3208 417 3269 ecto.

315 3339 433 3406 Assisu
447 3340 541 3406 venit
554 3338 769 3425 recognitum
783 3337 813 3403 si
826 3336 1004 3423 Philippus
1014 3336 1057 3405 de
1068 3337 1242 3404 Orondene
1252 3337 1389 3424 injuste,

251 3430 328 3508 etc„
354 3427 537 3494 disseisivit
559 3424 761 3491 Nicholeum
774 3424 817 3490 de
834 3472 971 3491 ......
985 3424 1143 3512 ringhsm
1163 3427 1198 3491 et
1221 3471 1388 3504 ......

250 3535 389 3581 uxorem
412 3515 498 3600 ejus,
526 3513 567 3579 dc
592 3533 769 3580 commune
793 3513 940 3598 pestus-c
968 3533 1037 3578 suae
1065 3512 1101 3576 in
1131 3511 1290 3593 Howion,
1316 3532 1389 3596 qnae

250 3601 401 3688 pertinet
423 3601 467 3667 ad
489 3600 632 3666 liberum
656 3602 886 3665 tenementum
909 3599 1062 3664 suumin
1075 3599 1242 3678 Heddon’,
1259 3647 1267 3664 .
1284 3646 1293 3664 .
1309 3645 1318 3664 .
1333 3598 1389 3663 ire

251 3687 547 3754 summonitionem
572 3686 715 3767 itineris,
738 3690 815 3767 etc,
839 3687 874 3753 et
896 3685 986 3752 unde
1013 3689 1199 3770 queruntur
1217 3685 1305 3770 quod
1318 3685 1387 3750 dis-

251 3775 382 3843 seisivit
409 3797 466 3843 eos
494 3775 537 3840 dc
565 3795 742 3841 commune
765 3776 911 3858 pastum
937 3794 1004 3838 suae
1028 3773 1065 3836 in
1093 3773 1223 3838 duebus
1252 3773 1387 3838 centum

251 3863 338 3928 coris
360 3883 460 3928 morae
481 3865 516 3930 et
537 3864 693 3948 pesturae,
716 3861 754 3924 in
775 3859 896 3944 quibus
914 3881 1128 3927 commonere
1143 3859 1297 3925 solebant
1312 3879 1388 3924 cum

251 3949 451 4015 omnimodis
478 3948 598 4014 averiis
620 3947 690 4013 suis
711 3969 772 4034 per
791 3949 903 4011 totum
920 3967 1056 4012 annum.
1100 3946 1224 4012 Posteo
1236 3945 1388 4031 praedicti

251 4036 435 4103 Nicholsus
461 4039 496 4102 et
520 4034 693 4121 Mur-geris
715 4055 785 4100 non
811 4037 893 4100 sunt
916 4033 1096 4119 prosecuti.
1153 4031 1235 4100 Ideo
1264 4032 1330 4118 ipsi
1352 4035 1387 4099 et

274 4123 356 4210 legii
378 4124 431 4190 sui
451 4125 493 4190 de
514 4122 744 4209 prosequendo
765 4121 804 4184 in
823 4121 910 4203 mis'‚
927 4119 1067 4202 scilicet,
1087 4119 1190 4206 Hugo
1204 4119 1246 4186 de
1260 4119 1387 4205 Reper-

250 4147 335 4277 dowe
350 4213 385 4276 et
399 4210 551 4276 Robiuus
567 4209 647 4276 Scot
661 4209 703 4277 de
718 4207 863 4274 Hedom'

315 4349 437 4430 Atinia,
469 4369 521 4415 uae
532 4346 601 4413 init
610 4367 696 4412 uxor
709 4345 732 4412 J
732 4344 875 4411 chunnis
889 4344 922 4411 le
936 4343 1046 4426 Olerlr,
1061 4345 1149 4431 petit
1159 4364 1274 4410 versus
1286 4342 1386 4408 Will-

251 4437 376 4506 elmum
390 4436 421 4502 le
469 4455 581 4536 orreve
595 4433 740 4535 triginta
763 4454 857 4535 nores
881 4434 979 4498 terroe
1000 4436 1035 4497 et
1056 4432 1272 4498 medietatem
1285 4430 1386 4496 unius

253 4572 365 4592 .....
377 4544 454 4591 cum
475 4520 689 4610 pertinentiis
706 4541 743 4584 rn
766 4519 1020 4607 Krllingvvorth‚
1051 4539 1133 4605 quae
1162 4518 1286 4585 clnmet
1314 4538 1386 4586 esse

1237 4625 1258 4673 o
