3264 5110
372 551 486 597 asama
509 551 606 614 aona,
629 553 969 617 soarauuaaauun,
993 535 1012 602 7
1035 557 1122 602 now.
1145 558 1170 604 1.
1292 537 1353 602 281

207 703 297 788 petit
310 703 389 772 inde
403 706 514 772 visum
533 707 669 774 habeat.
714 709 797 776 Dies
813 710 912 777 datus
927 714 982 777 est
995 711 1044 777 eis
1060 711 1151 796 apud
1166 711 1356 778 Eboracum

208 791 245 855 in
270 793 408 860 Oetabis
435 793 567 860 Sancta
592 795 782 862 Trinitatis.
827 799 873 862 Et
897 798 1056 884 Paganus
1082 799 1181 884 ponit
1200 800 1274 866 loco
1294 821 1356 865 suo

209 878 401 946 Gilbertum
416 881 546 962 Olethe,
563 885 627 949 etc.

272 1009 473 1095 Radulphus
502 1011 592 1076 filius
616 1010 790 1096 Radulphi
819 1012 861 1078 de
890 1013 1149 1101 Neuebygging,
1180 1015 1354 1081 Walterus

208 1095 297 1162 filius
313 1097 418 1178 Petri,
434 1099 617 1184 Maugerus
633 1098 722 1163 lilius
736 1099 933 1180 Alexandri,
949 1101 1125 1168 lohannes
1137 1103 1178 1167 de
1188 1103 1353 1189 Berwyk',

150 1267 152 1274 s
207 1183 378 1250 Jordanus
406 1185 439 1251 le
463 1186 589 1272 Meyre,
618 1185 792 1252 lohannes
822 1189 863 1252 fiz
893 1188 1013 1270 Mawe,
1045 1189 1235 1255 Willelmus
1264 1191 1353 1256 filius

206 1270 346 1356 Augeri,
362 1272 531 1338 Robertus
547 1272 637 1338 filius
652 1272 770 1338 Helew
793 1273 862 1355 sire,
878 1275 1079 1361 Radulphus
1094 1276 1126 1343 le
1141 1275 1274 1357 Pestur,
1292 1277 1353 1343 Ivo

206 1358 295 1424 filius
311 1359 495 1445 Radulphi,
511 1360 710 1446 Radulphus
725 1359 757 1425 le
770 1297 880 1442 lelor,
890 1363 1064 1428 Walterus
1075 1363 1108 1428 le
1121 1364 1220 1445 Suur,
1234 1363 1354 1429 Gerar-

204 1445 268 1511 dus
292 1447 333 1514 de
364 1447 620 1532 Woderington,
645 1451 680 1513 et
706 1446 882 1514 Galfridus
911 1450 953 1516 de
978 1450 1224 1536 Woderington
1253 1455 1351 1536 optu-

204 1532 319 1598 lerunt
333 1555 368 1600 se
382 1534 460 1619 ,fija
474 1534 529 1600 die
545 1555 659 1601 versus
675 1535 824 1600 Priorem
840 1536 1031 1621 Hospitalis
1053 1537 1169 1605 Sancti
1183 1538 1206 1604 J
1207 1539 1352 1604 ohannis

204 1618 421 1708 Jerosolymae
443 1621 479 1685 in
502 1621 628 1708 Anglia
650 1622 692 1688 de
713 1621 839 1706 placito
861 1624 952 1707 quod
977 1623 1065 1690 idem
1092 1625 1190 1691 Prior
1215 1629 1354 1710 questus

205 1707 276 1771 tuit
291 1710 380 1793 quod
394 1709 576 1794 pradictus
601 1709 775 1775 lohannes
791 1710 915 1776 levavit
937 1712 1106 1795 quoddam
1122 1711 1352 1778 molendinum

203 1794 241 1857 in
255 1795 520 1882 Newebygging'
546 1797 589 1861 ad
620 1803 861 1863 nocumentum
886 1797 985 1864 liberi
1013 1799 1201 1866 tenementi
1231 1800 1283 1864 sui
1314 1799 1350 1864 in

207 1883 412 1965 Wodehorn,
438 1886 515 1970 post
539 1884 696 1969 primam,
722 1887 786 1949 etc.
842 1885 888 1949 Et
914 1884 986 1970 ipse
1011 1905 1080 1949 ιιοιι
1105 1887 1199 1951 venit
1225 1891 1260 1952 et
1282 1887 1353 1952 fuit

205 1969 886 2123 ppetremfflldeobprprdictus·lphannes
908 1972 1083 2123 indedsine
1098 1973 1182 2090 die,
1208 1975 1351 2127 *altpre-

228 2079 259 2123 ιο
300 2079 316 2124 s
401 2079 480 2123 ore
523 2079 628 2143 pegu
654 2079 707 2123 su1
756 2079 983 2144 eprosequen
1008 2081 1087 2124 om
1106 2082 1246 2140 m1s,sc
1287 2083 1351 2142 ce,

204 2145 408 2231 Itanulphus
430 2145 545 2230 Boyde
560 2146 602 2211 de
617 2145 828 2212 Northseton
844 2148 879 2213 et
894 2145 1085 2212 Willelmus
1103 2147 1294 2233 Fhaunceys
1310 2150 1352 2214 de

109 2261 113 2266 ·
205 2232 374 2314 Heddon'‚
393 2236 457 2299 etc.

269 2371 388 2437 Assisa
414 2370 507 2436 venit
530 2369 746 2456 recognitum
773 2371 802 2436 si
827 2370 940 2456 Hugo,
966 2392 1112 2456 parsona
1141 2373 1281 2439 ecclesia
1311 2375 1352 2440 de

203 2458 407 2545 Ovingham‚
430 2458 572 2543 injuste,
588 2463 663 2537 eto,
687 2457 879 2542 dissepsivit
900 2458 1071 2543 Rogerum
1093 2459 1124 2524 le
1145 2460 1211 2545 Fya
1228 2461 1366 2547 Wymp

204 2548 246 2611 de
272 2545 462 2632 Ovingham
488 2545 530 2610 de
554 2565 733 2610 commune
755 2548 897 2630 pastura
920 2565 988 2610 suaa
1011 2546 1048 2609 in
1073 2545 1264 2632 Ovingham
1280 2570 1351 2633 quae

203 2633 353 2719 pertinet
375 2633 418 2698 ad
443 2632 586 2698 liberum
609 2636 841 2697 tenementum
864 2653 963 2696 suum
982 2633 1018 2696 in
1035 2633 1152 2700 eadem
1168 2633 1258 2716 villa,
1273 2640 1352 2720 post

202 2721 357 2805 primam,
381 2724 446 2786 eto.
499 2721 546 2785 Et
572 2719 661 2786 unde
687 2718 838 2804 queritur
865 2719 952 2803 quod
986 2719 1169 2785 dissaisivit
1197 2743 1274 2787 eum
1309 2724 1350 2789 de

203 2829 381 2874 communa
407 2828 469 2873 sua
494 2807 531 2870 in
561 2805 701 2872 dimidia
723 2806 805 2871 roda
827 2809 925 2871 terrae
944 2805 1081 2872 arabilis
1109 2808 1145 2871 in
1171 2830 1238 2892 qua
1262 2831 1350 2875 com·

204 2916 344 2960 munare
364 2895 494 2961 solebat
516 2914 593 2958 cum
615 2892 818 2958 omnimodis
833 2893 954 2959 averiis
970 2893 1039 2959 suis
1054 2897 1206 2980 tempore
1222 2902 1349 2982 aperto.

203 2983 249 3047 Et
279 2983 383 3068 Hugo
412 3003 482 3046 non
510 2981 605 3046 venit
634 2985 686 3045 set
718 2979 854 3064 quidam
883 2979 1059 3047 lohannes
1089 2981 1121 3046 le
1151 2982 1349 3070 Ohaplleyn,

203 3069 345 3135 ballivus
361 3090 452 3150 suus,
468 3068 563 3133 venit
582 3073 618 3132 et
639 3067 819 3152 respondet
833 3087 894 3152 pro
909 3089 959 3148 eo,
976 3071 1011 3134 et
1026 3067 1133 3134 nichil
1148 3069 1232 3135 dicit
1247 3092 1349 3155 quare

203 3157 311 3222 assisa
324 3159 507 3224 remaneat.
552 3154 575 3219 J
575 3159 727 3219 uratores
743 3154 862 3219 dicunt
873 3175 973 3238 super
987 3159 1236 3220 sacramentum
1251 3179 1350 3222 suum

202 3245 292 3328 quod
306 3243 486 3329 pradictus
502 3241 606 3328 Hugo
620 3241 745 3307 levavit
765 3241 932 3325 quoddam
952 3242 1183 3307 molendinum
1205 3244 1249 3308 ad
1271 3266 1349 3310 ven-

202 3337 277 3396 tum
303 3331 340 3396 in
366 3331 510 3417 quadam
533 3333 630 3415 parte
655 3327 815 3413 predicta
841 3329 989 3393 dimidias
1014 3330 1103 3394 rodae
1121 3333 1218 3396 terrae
1232 3331 1269 3395 in
1284 3354 1348 3416 qua

202 3419 381 3504 pradictus
404 3418 557 3503 Rogerus
584 3416 737 3501 queritur
761 3415 960 3500 disseysitur
982 3419 1132 3501 tempore
1157 3439 1178 3482 a
1201 3423 1284 3500 erto,
1314 3423 1350 3484 et

203 3506 291 3590 quod
307 3506 424 3573 eodem
439 3510 589 3590 tempore
604 3503 729 3569 ibidem
744 3523 959 3568 communare
978 3503 1117 3568 solebat.
1194 3505 1306 3570 uaesiti
1321 3507 1351 3571 si

202 3593 381 3678 pradictus
420 3593 573 3677 Rogerus
613 3590 750 3676 aliquod
793 3590 976 3673 dampnum
1021 3591 1153 3657 ratione
1198 3593 1350 3677 predicti

202 3679 388 3748 molendini
413 3683 454 3744 ut
478 3678 678 3765 pradictum
701 3682 754 3743 est
777 3677 891 3758 levati,
917 3676 968 3743 vel
990 3677 1211 3762 imposterum
1227 3679 1350 3746 habere

202 3769 340 3853 potest?
399 3767 528 3832 Dicunt
554 3765 644 3850 quod
671 3785 750 3830 non.
810 3764 856 3828 Et
885 3761 963 3849 quia
988 3764 1179 3830 convictum
1209 3772 1261 3833 est
1290 3788 1350 3853 per

201 3856 343 3920 assisam
366 3853 456 3939 quod
478 3853 659 3938 praediotus
685 3852 838 3938 Rogatus
861 3850 993 3914 nullum
1013 3850 1134 3917 habuit
1154 3853 1349 3938 dampnum,

202 3963 264 4007 nec
279 3942 500 4027 imposterum
514 3939 637 4007 habere
652 3942 766 4024 potest
786 3937 918 4003 ratione
934 3937 1084 4022 praedicti
1102 3939 1284 4005 molendini
1300 3941 1350 4008 sic

201 4028 314 4110 levati,
331 4028 578 4096 consideratum
600 4028 653 4092 est
675 4024 765 4110 quod
779 4025 958 4111 pradictus
977 4023 1082 4112 Hugo
1101 4026 1180 4092 inde
1195 4028 1267 4094 sine
1283 4029 1347 4110 die,

202 4121 238 4181 et
259 4117 312 4182 Ro
355 4137 413 4181 rus
435 4113 541 4181 nichil
563 4113 677 4199 capiat
700 4133 760 4199 per
782 4112 923 4178 assisam
945 4112 1058 4194 istam,
1081 4117 1134 4179 set
1156 4115 1203 4178 sit
1222 4115 1259 4179 in
1274 4115 1349 4181 mis'

201 4225 262 4290 pro
277 4203 315 4270 ta
328 4224 365 4269 so
381 4204 535 4283 clamore,
551 4205 616 4268 etc.

264 4375 384 4441 Assisa
405 4374 498 4439 venit
515 4372 731 4458 recognitum
746 4371 775 4436 si
791 4371 947 4452 isabella,
963 4371 1035 4436 filia
1049 4371 1136 4435 Alth
1159 4393 1214 4452 aa,
1230 4374 1349 4441 matris

200 4462 383 4548 Dyonisiae,
405 4461 519 4526 uxoris
542 4458 707 4525 Willelmi
729 4458 771 4525 de
791 4457 950 4544 Wyden'‚
966 4463 1002 4523 et
1016 4458 1094 4523 avia
1154 4458 1272 4525 illelmi
1287 4461 1350 4526 filii

198 4549 344 4618 Walteri
368 4548 410 4615 de
435 4547 646 4635 Wynburne,
672 4545 743 4612 fuit
769 4545 896 4632 seysita
917 4545 955 4609 in
980 4543 1149 4612 dominico
1171 4565 1233 4612 suo
1255 4551 1295 4613 ut
1309 4549 1350 4618 de
