3264 5110
288 529 353 596 314
455 552 570 598 assrrr
593 551 695 612 aona,
720 550 1059 610 connumeramur,
1085 531 1103 596 ⁷
1126 553 1213 600 anve.
1236 553 1262 599 1.

356 705 466 771 Adam
494 707 623 792 Seharp
647 705 689 772 de
711 705 854 771 Kilhnm
874 705 1000 772 occidit
1022 709 1202 772 noctanter
1215 706 1447 774 Alexandrum

291 793 333 856 de
357 793 474 858 irland
500 799 537 860 et
560 794 678 858 statim
703 795 798 879 fugit
822 799 857 860 et
881 793 1129 874 malecreditnr,
1147 794 1224 860 ideo
1238 795 1397 880 exigatur
1411 801 1447 861 et

288 879 473 965 utlagetur.
518 880 652 946 Catella
663 881 735 966 ejus
751 903 815 945 xxx
824 881 850 944 s'
863 883 876 966 j
888 882 922 944 d’
937 881 997 961 ob',
1009 881 1099 948 unde
1112 881 1296 948 vicecomes
1307 904 1446 967 respon-

290 967 380 1032 deat.
426 969 472 1032 llt
487 968 612 1032 villata
627 968 669 1032 de
685 967 855 1046 Hoddon’,
876 967 1031 1048 Kilhum,
1047 973 1083 1033 et
1097 968 1247 1034 Neuton'
1262 991 1332 1035 non
1346 991 1445 1037 vene-

291 1059 373 1118 runt
387 1055 485 1140 plene
500 1055 543 1120 ad
558 1055 815 1141 inquisitionem
830 1075 944 1121 coram
958 1059 1167 1136 coronatore,
1185 1056 1262 1123 ideo
1276 1058 1313 1122 in
1328 1057 1416 1123 mis’.

354 1235 407 1300 De
433 1235 549 1304 eodem
574 1235 769 1302 vicecomite
794 1237 837 1302 de
863 1235 995 1302 catallis
1017 1237 1179 1304 ‘averardi
1209 1237 1251 1320 (ie
1280 1239 1443 1318 liboraco,

291 1324 457 1408 suspensi,
474 1323 519 1410 xij
531 1323 569 1388 s'.

355 1487 465 1550 Adam
481 1485 523 1552 de
537 1485 671 1551 Hulker
693 1485 864 1550 subtraxit
879 1506 915 1550 se
930 1491 966 1550 et
983 1485 1219 1553 malecreditur
1234 1487 1276 1554 de
1290 1485 1443 1572 pluribus

290 1573 489 1651 latrociniis,
516 1573 592 1638 ideo
618 1574 776 1657 exigatur
800 1576 837 1638 et
866 1573 1052 1658 utlagetnr.
1097 1574 1231 1639 Catella
1257 1574 1333 1660 ejus
1359 1575 1405 1661 xij
1416 1574 1443 1638 s’

288 1661 348 1746 viij
360 1661 404 1740 d’,
433 1661 523 1725 uude
553 1659 736 1726 vicecomes
766 1660 979 1745 respondeat.
1039 1661 1164 1727 Postea
1192 1664 1360 1727 testatum
1388 1665 1442 1726 est

290 1749 379 1832 quod
395 1769 577 1832 suspensus
591 1748 673 1826 fuit,
689 1747 764 1812 ideo
780 1747 887 1812 nichil
902 1747 944 1813 de
959 1747 1140 1834 utlagaria.

354 1918 405 1985 De
421 1918 537 1983 eodem
553 1917 749 1984 vicecomite
764 1918 806 1982 de
821 1916 954 1984 catallis
970 1917 1114 1984 Walteri
1138 1916 1238 1982 Fabri
1253 1917 1296 1982 ‹le
1310 1916 1442 1984 Hethe·

290 2005 357 2090 pol,
373 2005 539 2090 suspensi,
555 2005 647 2090 lxxvi
660 2005 697 2070 e’.

355 2175 524 2240 Robertns
540 2175 582 2239 de
598 2175 685 2239 Brus
701 2175 743 2240 de
758 2173 930 2260 Hethepol
951 2175 1076 2241 occidit
1097 2173 1262 2242 Thomam
1279 2173 1441 2242 Gillefani

290 2263 326 2326 in
350 2261 430 2326 villa
454 2263 496 2326 de
522 2261 705 2347 Hethepol,
731 2265 767 2326 et
791 2262 909 2326 statim
931 2262 1025 2347 fugit
1048 2268 1083 2327 et
1101 2261 1349 2342 malecreditur,
1365 2262 1441 2326 ideo

288 2349 446 2434 exigatur
469 2353 504 2414 et
529 2349 713 2434 utlagatur.
759 2348 892 2414 Catella
921 2349 996 2434 ejus
1025 2349 1072 2435 vij
1085 2349 1129 2414 d'.
1173 2349 1221 2413 llt
1249 2349 1367 2414 villata
1396 2349 1438 2414 de

291 2435 464 2521 Hethepol
479 2457 546 2500 nou
564 2437 654 2520 cepit
676 2437 800 2522 ipsum,
821 2436 897 2500 ideo
918 2437 955 2500 in
976 2437 1063 2502 mis’.
1108 2437 1154 2500 Et
1169 2436 1352 2517 Oristiana,
1369 2458 1442 2522 quse

287 2523 358 2588 fuit
384 2545 468 2588 uxor
491 2523 643 2608 praedicti
668 2523 817 2603 Thomae,
845 2523 1016 2588 subtraxit
1038 2546 1074 2590 se
1097 2527 1133 2589 et
1148 2523 1386 2588 malecreditnr
1400 2523 1442 2588 de

291 2616 414 2763 mpffl
425 2611 597 2696 praedicta,
624 2611 700 2678 ideo
727 2611 887 2696 exigatur
911 2615 947 2678 et
972 2615 1146 2698 vayvetur.
1191 2611 1296 2676 Nulla
1321 2611 1443 2676 habuit

289 2720 331 2764 ca
417 2747 424 2763 .

355 2851 546 2920 Alexander
560 2850 670 2918 Lothe
685 2851 727 2916 de
742 2850 906 2915 Holthale
930 2850 1056 2917 occidit
1080 2851 1262 2938 Hugonem
1276 2851 1441 2930 Brodene,

289 2941 432 3005 fratrem
456 2961 565 3019 suum,
589 2940 625 3002 in
650 2938 777 3023 campis
803 2940 845 3004 de
871 2937 1038 3018 Holthal',
1075 2943 1110 3005 et
1148 2940 1266 3004 statim
1290 2939 1444 3024 fugitet

290 3026 537 3106 malecreditur,
558 3026 635 3090 ideo
656 3026 811 3111 exigatur
830 3031 865 3090 et
884 3025 1069 3110 utlagetnr.
1115 3026 1248 3090 Catulla
1274 3027 1350 3111 ejus
1376 3025 1401 3110 ij
1415 3029 1441 3088 ε’

290 3115 349 3200 viij
366 3115 409 3195 d',
425 3114 514 3179 unde
537 3114 721 3179 vicecomes
742 3113 954 3197 respondeat.
1000 3114 1046 3176 ut
1067 3113 1191 3177 villatae
1211 3114 1253 3178 de
1273 3111 1442 3178 Holthal'¹

289 3206 325 3267 et
340 3203 482 3267 Crocum
498 3222 566 3265 non
583 3204 744 3285 ceperunt
759 3199 882 3286 ipsum,
894 3199 970 3264 ideo
982 3199 1018 3264 in
1030 3199 1116 3264 mis'.
1147 3201 1193 3264 lit
1207 3201 1255 3286 xij
1272 3199 1442 3284 juratores

288 3289 546 3390 coneelaverimt
562 3288 730 3372 quandem
745 3293 877 3372 partem
893 3287 1130 3373 praedictorum
1143 3287 1353 3369 catellorum,
1365 3287 1442 3353 ideo

289 3398 327 3440 ru
342 3379 429 3441 mrs'.

355 3529 524 3594 Robertus
545 3526 721 3593 Grimbald
744 3527 866 3592 cecidit
884 3526 926 3592 de
942 3527 1087 3612 quodam
1103 3547 1188 3613 equo
1203 3527 1239 3591 in
1256 3549 1378 3614 aquam
1400 3529 1441 3595 de

289 3616 374 3683 Tille
394 3620 430 3680 et
453 3615 644 3695 submersit,
668 3614 782 3679 nullus
797 3614 876 3681 inde
891 3614 1138 3681 malecreditur.
1182 3615 1367 3696 Judicium,
1389 3616 1441 3680 in·

290 3705 491 3769 fortunium.
537 3702 692 3767 Precium
718 3701 796 3785 eqni
820 3703 889 3780 rs’,
909 3702 998 3766 unde
1021 3701 1205 3769 vicecomes
1226 3704 1441 3788 respoudeat.

291 3793 337 3856 Et
359 3790 483 3855 villatae
506 3790 547 3854 de
572 3789 786 3854 Hederslevve
804 3792 840 3854 et
861 3789 998 3855 llthale²
1021 3811 1090 3854 non
1105 3793 1271 3856 venerumt
1284 3791 1384 3876 plene
1399 3790 1443 3856 ad

290 3877 556 3963 inquisitionem,
573 3876 648 3942 ideo
664 3876 700 3940 in
715 3876 803 3940 mis'.

356 4032 527 4099 Johanues
557 4030 647 4096 filius
677 4030 795 4096 Tiock'
820 4029 969 4116 appellet
993 4031 1030 4094 in
1056 4031 1221 4098 comitatu
1255 4031 1440 4098 Robertum

291 4123 381 4207 Grey
407 4125 441 4187 et
467 4119 574 4184 Adam
602 4119 643 4183 de
667 4117 847 4202 Kadesley,
875 4117 1066 4183 Johannem
1084 4120 1175 4200 Scot,
1190 4119 1384 4185 Johannem
1398 4120 1441 4185 de

290 4211 399 4290 Croft,
424 4213 458 4272 et
480 4207 673 4272 Johannem
696 4206 728 4270 le
753 4205 867 4271 Jureie
891 4205 933 4269 de
960 4207 1176 4272 verberatura
1197 4210 1233 4270 et
1247 4207 1390 4287 roboria,
1406 4212 1441 4274 et

289 4319 371 4384 pace
392 4294 520 4360 domiui
536 4293 641 4378 Regis
656 4293 776 4358 fracta.
822 4293 867 4357 ut
881 4293 903 4358 J
905 4293 1056 4358 ohannes
1073 4315 1141 4357 non
1156 4294 1260 4372 venit,
1276 4293 1353 4360 ideo
1368 4294 1441 4379 ipse

291 4387 446 4472 capiatur
460 4384 496 4448 et
509 4380 614 4468 plegii
637 4379 690 4446 sui
712 4381 754 4446 de
775 4379 1007 4466 prosequendo
1030 4380 1067 4444 in
1086 4381 1174 4464 mis’,
1190 4381 1329 4464 scilicet,
1345 4381 1442 4446 Will-

377 4568 385 4600 ¹
403 4567 519 4634 Possibly
531 4565 644 4618 Howtell
655 4565 706 4616 and
718 4565 881 4617 Crookhouse
893 4563 920 4615 in
930 4563 1102 4617 Kirkuevton
1114 4565 1213 4618 Parish.
1262 4563 1273 4596 ²
1289 4565 1358 4618 litai.
