3272 5092
386 567 499 614 nesrac
522 569 621 630 nona,
645 569 985 629 rorrnuununnnrn,
1010 549 1028 614 7
1051 570 1138 614 nnw.
1162 571 1186 615 1.
1299 546 1361 612 247

214 721 356 788 Rcberti
377 726 412 790 ct
435 723 607 804 Susanna,
624 728 659 790 et
681 724 748 810 ipsi
769 727 889 809 postea
907 724 948 792 de
971 724 1106 810 scysina
1128 745 1190 789 sua
1211 722 1362 789 iecfave·

215 814 296 874 runt
311 810 391 876 inde
407 812 584 895 quemdam
595 812 618 876 J
620 833 747 892 oceum,
764 812 926 876 villanum
941 811 1094 896 praedicti
1105 812 1199 892 Adae,
1215 832 1275 897 per
1290 831 1363 876 car·

214 900 286 962 tam
302 897 451 982 ipsorum
474 898 616 964 Roberti
631 903 666 982 et
691 899 864 979 Susanna,
881 903 916 964 et
936 898 1049 984 ipsum
1068 898 1148 964 inde
1169 899 1207 962 in
1230 897 1364 985 seysina

215 989 411 1071 posuerunt.
457 987 503 1049 Et
525 989 604 1071 post
635 985 803 1072 seysinam
826 985 980 1072 predicti
1004 985 1101 1052 Jocei
1121 987 1169 1052 sic
1193 987 1363 1071 adeptam,

214 1072 394 1158 praedictus
408 1072 519 1136 Adam
543 1073 681 1158 seysivit
703 1077 901 1139 tenementa
914 1073 975 1139 illa
996 1074 1033 1136 in
1051 1095 1189 1138 manum
1205 1095 1300 1138 suam
1324 1075 1364 1138 ut

214 1159 439 1246 perquisitum
453 1159 571 1226 villani
587 1160 651 1225 sui.
697 1161 743 1225 Et
755 1161 845 1246 quod
859 1160 910 1226 ita
925 1160 981 1242 sit,
998 1164 1121 1247 petunt
1136 1160 1226 1246 quod
1248 1159 1362 1244 inqui-

215 1251 311 1313 ratur
337 1251 402 1313 etc.

279 1296 325 1398 Ed
355 1336 523 1402 Robertus
553 1334 594 1399 de
618 1333 785 1400 Faludon'
808 1340 843 1400 et
870 1335 1026 1400 Susanna
1051 1334 1172 1400 dicunt
1190 1334 1280 1420 quod
1298 1334 1363 1419 ipsi

215 1423 416 1489 dimiserunt
438 1421 598 1507 praedicta
622 1425 818 1488 tenementa
834 1423 996 1507 praedicto
1010 1423 1093 1487 Adae
1113 1423 1158 1486 ad
1179 1422 1365 1488 terminum

214 1508 1363 1682 §tentet,Rututtdadtatttuttttttn

214 1685 413 1772 praedictum
427 1684 567 1750 Joccum
589 1683 668 1750 inde
690 1684 908 1750 feofaverunt
926 1705 989 1750 nec
1010 1684 1158 1769 aliquam
1182 1688 1310 1749 cartam
1333 1683 1364 1750 ei

214 1773 294 1838 inde
323 1772 490 1836 fecerunt.
544 1771 590 1835 nt
620 1770 661 1836 de
690 1772 754 1836 hoc
780 1773 914 1856 ponunt
940 1793 975 1838 se
999 1792 1100 1856 super
1120 1771 1279 1857 patriam.
1318 1771 1365 1836 Et

215 1859 380 1925 Ricardus
393 1861 427 1925 et
442 1857 615 1943 Margaria
630 1857 798 1922 similiter.
843 1858 927 1924 Ideo
943 1858 1004 1923 fiat
1018 1857 1098 1923 inde
1113 1859 1240 1944 jurata,
1257 1863 1320 1923 etc.

279 1947 301 2011 J
303 1949 455 2012 uratores
471 1946 590 2009 dicunt
605 1967 706 2030 super
720 1950 970 2010 sacramentum
986 1967 1084 2010 suum
1100 1946 1190 2030 quod
1211 1944 1366 2031 praedicti

214 2033 381 2099 Ricardus
391 2038 426 2098 et
435 2033 594 2097 Susanna
604 2053 779 2116 nunquam
787 2033 1005 2100 feofaverunt
1016 2033 1215 2118 pradictum
1224 2034 1365 2099 Joceum

216 2123 256 2188 de
293 2120 454 2205 pmdicto
482 2119 657 2204 mesuagio
682 2123 719 2186 et
745 2121 930 2185 medietate
959 2121 1197 2204 praedictarum
1223 2121 1366 2184 duarum

215 2209 413 2274 bovatarum
422 2210 530 2287 terrae,
541 2207 645 2271 immo
656 2207 758 2273 iidem
770 2207 937 2272 Ricardus
950 2211 985 2271 et
996 2208 1153 2273 Susanna
1164 2207 1367 2272 dimiserunt

216 2317 256 2361 ea
277 2295 438 2382 praedicto
452 2294 535 2358 Adae
550 2293 593 2358 ad
608 2293 792 2360 terminum
807 2294 865 2379 qui
884 2295 1059 2379 preteriit.
1105 2296 1151 2359 Et
1166 2295 1242 2360 ideo
1257 2294 1366 2360 consi-

215 2384 369 2450 deratum
389 2381 547 2466 estquod
567 2380 721 2467 praedicti
744 2381 913 2446 Robertus
929 2385 964 2446 et
988 2382 1146 2446 Susanna
1168 2384 1368 2466 recuperent

216 2472 385 2556 seysinam
407 2490 502 2534 suam
518 2468 560 2533 de
581 2467 752 2553 pradictis
767 2468 950 2553 mesuagiis
966 2471 1002 2533 et
1023 2468 1206 2536 medietate
1228 2469 1367 2554 praedic-

214 2563 328 2624 tarum
344 2557 488 2622 duarum
509 2555 708 2620 boratarum
723 2559 822 2621 terrae
838 2576 952 2620 versus
973 2555 1158 2621 Ricardum
1174 2558 1209 2621 et
1232 2557 1367 2640 Marge-

215 2645 312 2727 riam,
333 2647 368 2709 et
393 2643 460 2729 ipsi
482 2641 519 2706 in
540 2642 626 2708 mis’.
672 2644 718 2707 st
744 2643 826 2727 quia
849 2643 1011 2728 praedicta
1033 2646 1232 2708 tenementa
1258 2643 1368 2728 petite

214 2733 357 2798 fuerunt
371 2731 408 2794 in
424 2729 596 2796 communi
610 2751 725 2796 versus
740 2730 919 2816 praedictos
935 2730 1131 2811 Ricardum,
1149 2729 1365 2816 Margeriam,

215 2821 413 2899 Robertum,
437 2819 473 2882 et
497 2815 713 2897 cristianam,
740 2819 776 2882 et
802 2816 902 2882 iidem
930 2816 1098 2883 Ricardus
1125 2821 1161 2882 et
1184 2817 1367 2902 Margeria,

216 2929 299 2993 quos
321 2903 473 2992 praedicti
493 2904 662 2969 Robertus
674 2907 709 2971 et
724 2905 895 2970 Cristiana
910 2908 1033 2969 vocant
1051 2904 1094 2969 ad
1110 2907 1316 2969 warrantum
1332 2910 1369 2969 et

216 2995 275 3080 qui
301 2993 349 3061 eis
372 2991 613 3056 warrantiaant
638 2991 835 3076 praedictam
860 2991 999 3057 tertiam
1028 2995 1160 3076 partem
1187 2995 1227 3055 ut
1254 2992 1368 3058 dotem

216 3083 323 3168 ipsius
339 3079 518 3146 Oristianse
534 3079 575 3143 de
590 3078 764 3144 dotatione
779 3079 933 3163 praedicti
947 3079 1041 3157 Adae,
1056 3077 1159 3164 primi
1174 3079 1239 3143 viri
1261 3078 1367 3165 ipsius

216 3169 406 3247 Oristianae,
426 3165 524 3251 cujus
549 3165 689 3231 heredes
709 3165 813 3230 iidem
827 3165 994 3231 Ricardus
1021 3170 1056 3231 et
1080 3165 1252 3251 Margaria
1277 3170 1368 3246 sunt,

217 3257 301 3321 duas
330 3259 444 3340 partes
468 3253 635 3338 praedictae
656 3256 756 3317 terrae
777 3274 838 3338 per
865 3253 1016 3338 juratam
1039 3253 1140 3318 istam
1171 3253 1369 3335 amiserunt,

219 3343 468 3411 consideratum
483 3344 535 3407 est
549 3340 639 3424 quod
652 3339 805 3425 praedicti
818 3339 987 3405 Robertus
1003 3345 1038 3405 et
1053 3339 1225 3406 Oristiana
1240 3341 1370 3406 nullam

217 3429 506 3516 recuperationem
528 3427 677 3493 habeant
691 3447 807 3491 versus
822 3427 1001 3512 praedictos
1023 3427 1205 3492 Ricardum
1221 3431 1256 3494 et
1278 3428 1368 3494 Mar-

218 3514 882 3671 attutttrttttttttu
903 3518 1046 3667 Ψ
1085 3536 1186 3600 ,uam
1216 3515 1369 3600 ,aaa

883 3651 892 3682 ‚
967 3652 974 3667 .

282 3741 403 3806 Assisa
417 3740 511 3805 venit
533 3738 751 3824 recognitum
775 3737 804 3803 si
828 3738 999 3803 Robertus
1021 3737 1111 3804 filius
1135 3738 1263 3826 Rogeri
1287 3739 1370 3805 Luc'

218 3830 260 3896 de
285 3826 568 3916 Kybbellesw'rth'
589 3828 624 3891 et
648 3825 759 3890 Adam
781 3825 824 3891 de
846 3825 1027 3890 Rilleston'
1043 3825 1184 3911 injuste,
1202 3829 1278 3907 etc,
1300 3827 1370 3892 dis·

218 3916 419 3984 seisiverunt
433 3912 644 3978 Willelmum
666 3912 774 3977 filium
788 3913 872 3977 Adoe
886 3913 928 3978 de
944 3934 1125 3979 commune
1138 3918 1286 3999 pastura
1301 3933 1370 3978 suae

218 4005 256 4069 in
280 4001 501 4088 Routhebyr,
523 4021 596 4085 quae
618 3999 770 4084 pertinet
787 3999 832 4064 ad
852 4000 996 4065 liberum
1015 4005 1249 4066 tenementum
1271 4021 1371 4066 suum

218 4092 256 4155 in
275 4089 391 4156 eadem
412 4088 505 4170 villa,
523 4091 601 4172 post
618 4088 773 4172 primam,
794 4090 858 4153 etc.
915 4087 961 4152 Et
984 4087 1075 4154 unde
1101 4087 1256 4172 queritur
1280 4087 1371 4173 quod

218 4177 485 4262 disseysiverunt
509 4195 587 4240 eum
616 4175 657 4242 de
677 4195 857 4239 commune
875 4178 1022 4259 pasturae
1051 4175 1089 4239 in
1120 4180 1257 4242 centurn
1284 4174 1371 4240 acris

218 4286 319 4331 morae
341 4268 376 4330 et
391 4261 571 4348 brusceyae¹
588 4261 624 4325 in
640 4261 760 4346 quibus
781 4282 996 4327 communare
1017 4261 1146 4328 solebat
1169 4284 1245 4328 cum
1264 4261 1373 4328 omni·

220 4353 327 4418 modis
357 4350 478 4417 averiis
511 4350 579 4415 suis
608 4369 669 4434 per
696 4352 810 4414 totum
844 4371 981 4429 annum,
1004 4355 1069 4415 etc.
1124 4351 1171 4414 Et
1204 4350 1373 4415 Robertus

219 4441 314 4506 venit
340 4441 375 4506 et
403 4436 579 4525 respondit
603 4457 665 4522 pro
689 4457 724 4503 se
755 4440 791 4500 et
814 4435 972 4501 omnibus
999 4436 1086 4518 eliis,
1110 4441 1145 4504 et
1174 4437 1258 4502 dicit
1284 4437 1373 4522 quod

635 4581 643 4616 ¹
660 4583 711 4636 For
723 4585 835 4648 Mucia,
847 4583 875 4636 cf
885 4584 966 4636 surse.
