3280 5112
369 597 968 659 sss1znnosn,nonsnonsnnmnn,
993 581 1035 644 40
1060 601 1141 644 ass.
1166 602 1219 645 111.
1331 581 1371 646 67

214 750 370 836 primam,
394 755 458 817 etc.
515 752 562 815 nt
591 753 682 816 unde
709 753 864 836 queritur
886 753 974 838 quod
1004 754 1263 821 disseisiverunt
1292 776 1370 820 eum

216 838 257 904 de
281 841 358 904 octo
374 838 461 904 acris
476 844 574 904 terrae
589 861 666 905 oum
680 839 911 924 pertinentiis.
957 841 1003 906 Et
1022 841 1106 907 dicit
1122 843 1212 926 quod
1227 844 1372 927 ipsemet

215 924 345 990 dimisit
367 926 564 1011 praedictam
586 929 713 992 terram
735 927 896 1012 praedicto
919 927 1066 993 Ricardo
1090 929 1131 995 de
1153 929 1305 994 Boxford
1327 931 1371 994 ad

215 1012 411 1094 terminum,
429 1018 463 1078 et
486 1013 576 1078 idem
598 1014 766 1078 Ricardus
788 1019 908 1099 postea
931 1015 1062 1080 dimisit
1085 1017 1226 1081 eandem
1244 1023 1371 1081 terram

215 1098 315 1165 dictae
338 1100 478 1185 Agneti.
538 1101 579 1164 llt
604 1100 770 1166 Ricardus
797 1101 838 1167 de
864 1101 1017 1166 Bosford
1043 1106 1079 1166 et
1104 1103 1221 1188 Agnes
1246 1107 1372 1188 petunt

210 1186 388 1272 judicium,
413 1186 545 1252 desicut
567 1187 657 1252 idem
681 1187 849 1252 Ricardus
873 1188 963 1252 filius
996 1188 1161 1254 Willelmi
1195 1191 1370 1274 cognoscit

215 1273 304 1357 quod
319 1277 440 1359 sponte
450 1274 580 1338 dimisit
595 1278 631 1339 et
646 1275 815 1340 concessit
826 1275 988 1360 praedicto
1000 1276 1146 1340 Rioardo
1162 1276 1204 1340 de
1220 1277 1373 1343 Bosford

210 1360 409 1444 prodictam
436 1365 575 1441 terram,
605 1361 635 1426 si
668 1361 794 1427 debent
823 1362 855 1425 ei
878 1363 1080 1448 respondere
1106 1364 1150 1428 ad
1172 1364 1368 1447 praedictam

214 1449 367 1514 assisam.
413 1448 497 1513 Ideo
519 1449 772 1514 consideratum
795 1452 848 1514 est
871 1450 961 1534 quod
975 1450 1129 1534 praedicti
1152 1451 1320 1516 Ricardus
1336 1456 1371 1515 et

213 1535 329 1688 ἔξιθι
339 1534 433 1686 linde
457 1535 530 1601 sine
554 1536 620 1617 die,
636 1539 671 1600 et
694 1536 860 1601 Ricardus
883 1535 972 1600 filius
988 1536 1153 1602 Willelmi
1168 1538 1205 1600 in
1220 1537 1296 1602 mis'
1311 1560 1373 1624 pro

284 1643 475 1689 oeamore.

278 1759 450 1826 Robertus
467 1759 508 1825 de
524 1758 727 1839 Dokesford,
739 1759 891 1840 clericus,
904 1759 962 1844 qui
977 1759 1060 1824 tulit
1075 1761 1174 1828 breve
1192 1783 1287 1828 novae
1303 1761 1372 1828 dis-

212 1846 345 1913 seisinae
355 1867 470 1914 versus
480 1847 621 1932 Ingram
631 1848 673 1911 de
684 1847 877 1912 Dokesford
892 1847 934 1912 de
944 1869 1126 1914 commune
1140 1852 1289 1934 pasturas
1304 1871 1372 1915 suae

214 1933 252 1997 in
261 1934 427 2015 Doxford,
437 1934 532 1999 venit
547 1937 583 1999 et
598 1936 742 1998 retraxit
757 1955 804 1999 se.
832 1934 915 1998 Ideo
930 1935 1003 2019 ipse
1019 1938 1054 2000 et
1063 1934 1170 2020 plegii
1180 1936 1234 2001 sui
1243 1937 1285 2002 de
1294 1957 1373 2022 pro-

215 2021 385 2105 sequendo
401 2021 438 2084 in
453 2021 542 2101 mis',
554 2021 875 2101 scilicet,Itobe1tus
891 2020 981 2086 filius
999 2021 1146 2088 Simonis
1156 2023 1372 2104 deFaudon’,

213 2108 390 2193 Reynerus
403 2108 493 2173 filius
509 2108 643 2173 Addols'
659 2109 701 2172 de
715 2108 892 2184 Preston’;
908 2108 1015 2193 plegii
1030 2109 1173 2174 Roberti
1189 2112 1229 2177 de
1240 2111 1372 2176 Dokes-

213 2195 303 2260 iord'
319 2196 360 2260 de
376 2197 463 2276 mis',
480 2195 590 2260 Adam
606 2195 647 2260 de
664 2195 857 2260 Dokesford
874 2199 909 2260 et
925 2196 1065 2281 Ingram
1081 2197 1123 2261 de
1139 2197 1343 2263 Dokcsford.

281 2333 452 2400 Robertus
468 2334 498 2400 le
515 2333 613 2400 Wale
637 2355 653 2399 s
669 2333 796 2418 optulit
811 2355 845 2400 se
861 2331 936 2417 iiij¹⁰
952 2333 1007 2397 die
1018 2353 1135 2398 versus
1151 2335 1372 2415 Ramettam,¹

216 2421 322 2486 filiam
347 2421 517 2486 Johannis
541 2420 573 2486 le
620 2425 770 2500 escunte,
787 2421 828 2486 de
850 2420 979 2505 placito
1004 2421 1093 2504 quod
1109 2420 1141 2485 ei
1156 2421 1373 2487 warrantizet

213 2508 433 2576 medietatem
469 2508 571 2574 unius
609 2511 776 2574 carucatae
819 2511 920 2572 terrae
958 2529 1035 2572 cum
1078 2508 1297 2593 pertinentiis
1336 2508 1373 2573 in

213 2596 403 2677 Elmedon',
429 2617 529 2681 quam
553 2598 650 2662 tenet
673 2594 716 2660 de
739 2615 780 2663 ea
804 2599 839 2660 et
865 2597 982 2662 tenere
1014 2594 1150 2660 clamat.
1204 2595 1251 2659 Et
1283 2597 1373 2663 unde

214 2686 345 2749 cartam
357 2684 378 2748 J
380 2684 525 2749 ohannis
540 2683 572 2747 le
583 2681 767 2761 Vescunte,
780 2681 890 2766 patris
905 2681 1075 2765 praedicta
1086 2681 1266 2764 Ramettae,
1278 2685 1374 2768 cujus

214 2769 314 2836 heres
343 2770 419 2856 ipsa
448 2772 512 2850 est,
544 2769 659 2849 habet,
691 2770 757 2835 eto.
802 2769 849 2833 Et
878 2769 1043 2832 Rametta
1072 2790 1142 2833 non
1172 2769 1276 2835 venit.
1327 2771 1374 2835 Et

217 2859 478 2938 summoniatur‚
506 2860 573 2923 etc.
626 2854 812 2935 Judicium‚
835 2854 1049 2920 attachiatur
1080 2856 1170 2940 quod
1196 2855 1243 2921 sit
1274 2878 1296 2922 a
1318 2857 1373 2922 die

216 2945 356 3010 Paschae
372 2944 409 3007 in
424 2943 572 3029 quinque
589 2943 797 3028 septimanas
813 2943 904 3027 apud
919 2941 1119 3010 Karleolnm
1141 2943 1178 3006 in
1194 2942 1372 3009 comitatu

217 3031 500 3112 Oumberlsndiae‚
516 3034 582 3097 etc.

259 3171 375 3251 Alina,
390 3191 477 3236 uxor
491 3167 749 3235 Erchebaudde
774 3167 941 3252 Dunglas,
957 3167 1055 3252 ponit
1078 3166 1153 3233 loco
1176 3189 1238 3233 suo
1260 3168 1373 3254 ipsum

215 3257 430 3337 Erohebaud,
445 3255 555 3322 virum
578 3278 689 3337 suum,
705 3255 758 3320 vel
773 3254 985 3319 Willelmum
1006 3256 1048 3320 de
1071 3255 1241 3335 Buredon,
1258 3276 1373 3322 versus

216 3345 405 3412 Robertum
420 3343 588 3430 Bataylle,
605 3343 647 3409 de
661 3343 789 3428 placito
805 3345 914 3422 terrae,
931 3344 995 3407 etc.

494 3583 620 3647 Annuc
643 3601 689 3646 nn
711 3600 816 3645 unns
838 3578 929 3644 Nom
953 3578 1092 3644 Ossam.

283 3732 386 3816 Hugo
402 3729 433 3796 le
448 3728 555 3808 Petit,
571 3725 747 3791 Walterus
764 3724 861 3811 Geg',
877 3723 1044 3790 Ricandus
1060 3723 1091 3790 le
1109 3723 1241 3804 Monet,
1254 3728 1370 3811 Agnes

216 3819 288 3884 filia
300 3815 473 3902 Hngonis,
489 3814 691 3899 Radnlphus
707 3812 863 3891 Freman,
879 3810 1038 3877 Godman
1058 3811 1177 3896 King',
1195 3813 1216 3876 J
1218 3811 1370 3878 ohannes

216 3905 350 3984 Lilkok,
375 3903 552 3969 Johannes
576 3899 790 3986 Wythelard‚
814 3897 989 3963 Johannes
1012 3897 1043 3962 le
1071 3898 1234 3984 &usage
1258 3899 1370 3965 Adam

215 3992 365 4072 Wraste,
379 3990 534 4076 Rogerus
550 3988 592 4052 de
607 3987 783 4064 Gesemue,
795 3984 941 4050 Matillis
958 3985 1028 4048 filia
1043 3985 1164 4065 Ketil',
1174 3985 1369 4052 Willelmns

214 4079 305 4145 filins
320 4077 446 4156 Ketel',
462 4076 617 4160 Rogerus
633 4072 772 4157 Edwyn’
789 4071 988 4136 summoniti
1008 4073 1151 4136 fuerunt
1169 4073 1214 4136 ad
1231 4093 1370 4158 respon-

214 4166 364 4232 dendum
379 4165 548 4248 Magistro
570 4159 763 4246 Hospitalis
789 4159 922 4224 Sanctae
947 4157 1065 4224 Mariae
1089 4159 1304 4244 Magdslenae
1328 4160 1369 4226 de

236 4252 340 4319 lecito
362 4251 452 4337 quod
466 4248 598 4315 faciant
613 4248 645 4312 ei
660 4251 753 4312 recta
777 4245 916 4310 servitia
943 4267 1015 4329 quae
1038 4245 1151 4310 facere
1176 4245 1302 4312 debent
1326 4247 1368 4310 de

212 4277 321 4406 libero
335 4342 531 4404 tenemento
548 4355 619 4416 suo,
636 4334 724 4420 quod
740 4333 782 4400 de
797 4353 837 4398 eo
851 4336 983 4411 tenent,
1000 4332 1037 4396 in
1053 4331 1132 4397 villa
1147 4331 1236 4397 Novi
1256 4331 1369 4398 Oestri

214 4448 316 4513 super
348 4426 489 4512 Tynam,
519 4426 560 4488 ut
595 4422 633 4486 in
669 4418 849 4505 homagiis,
878 4418 1079 4497 redditibus,
1111 4419 1302 4503 arreragiis,
1333 4423 1368 4483 et

427 4586 435 4619 ¹
452 4586 583 4648 Boneita,
595 4583 654 4636 wilc
664 4583 692 4634 ol
703 4581 819 4636 Evemrd
830 4581 876 4633 the
887 4580 988 4634 'leuton
999 4594 1029 4632 or
1039 4578 1063 4632 le
1075 4579 1159 4644 sycis.
1178 4647 1196 4710 2

1133 4666 1153 4710 t*
