3264 5110
387 535 500 582 assuas
523 535 621 597 aona,
644 533 984 597 scemurensem),
1009 513 1028 581 7
1050 535 1138 582 unu.
1161 536 1185 582 1.
1296 514 1359 582 299

211 692 247 756 ct
272 689 419 756 Ricardo
445 687 626 756 Mannsell’
653 689 695 758 de
721 689 890 757 audiendo
918 689 1048 777 judicio
1077 710 1139 756 suo
1168 689 1210 758 de
1234 689 1362 776 placito

210 780 308 842 terrae
318 776 409 862 apud
423 777 577 863 Appslby
591 777 629 842 in
643 777 807 844 comitatu
824 777 1125 857 Westmerlandiae,
1140 798 1162 842 a
1177 777 1232 844 die
1247 777 1361 852 Pascae,

211 863 248 928 in
262 885 368 929 unum
384 885 542 944 mensem,
558 885 597 930 eo
612 863 703 949 quod
716 863 882 949 judicium
903 863 1053 930 nondum
1071 865 1203 930 factum
1219 868 1281 944 est,
1298 870 1361 930 eto.

275 951 321 1016 Et
350 951 542 1018 Willelmus
571 952 669 1036 ponit
698 951 771 1016 loco
801 973 874 1030 suo,
904 952 1044 1018 Ironem
1070 951 1112 1016 de
1142 951 1295 1017 Karlielo
1326 955 1362 1016 et

87 1053 89 1058 ’
211 1037 396 1104 Ricardum
411 1038 453 1104 de
467 1037 671 1121 Kokesford,
690 1041 755 1104 etc.

276 1200 598 1267 Onmb’.-Thomas
624 1200 667 1267 de
690 1200 828 1266 Neuton
851 1200 978 1287 optulit
1001 1222 1037 1268 se
1063 1199 1152 1290 iiijw'
1168 1200 1222 1266 dic
1249 1223 1363 1267 versus

210 1288 375 1354 Thomam
390 1288 432 1354 do
447 1288 594 1374 Guneys’
611 1288 653 1355 de
667 1287 794 1373 placito
808 1289 899 1372 quod
912 1287 1021 1354 faciat
1042 1288 1074 1353 ci
1097 1287 1361 1354 consuetudines

211 1378 247 1441 et
269 1379 364 1442 recta
389 1375 538 1456 servitia,
564 1396 639 1459 qua
664 1376 696 1442 ei
718 1375 831 1440 facere
854 1375 954 1440 debet
976 1376 1017 1440 de
1040 1374 1146 1440 libem
1168 1379 1364 1440 tenemento

212 1483 273 1528 suo
296 1462 386 1547 quod
411 1463 452 1528 de
477 1483 516 1528 eo
540 1465 636 1529 tenet
662 1460 699 1524 in
726 1461 875 1527 Nentom
919 1461 966 1526 Et
990 1461 1061 1546 ipse
1084 1481 1152 1526 non
1168 1461 1271 1527 venit.
1317 1462 1363 1527 at

210 1570 318 1635 praece
342 1556 416 1613 tum
430 1548 500 1616 fuit
514 1548 704 1616 vicecomiti
726 1548 816 1632 qnod
837 1549 1059 1614 summoniret
1074 1567 1150 1613 eum
1166 1549 1257 1632 quod
1272 1552 1363 1614 esset
1435 1571 1437 1576 ’

214 1637 270 1702 hic
356 1635 446 1702 hunc
469 1637 569 1701 diem.
617 1637 663 1700 Et
677 1635 860 1702 vicecomes
875 1634 981 1700 nichil
997 1635 1075 1701 inde
1090 1634 1185 1715 fecit,
1202 1639 1255 1701 set
1269 1656 1364 1699 man-

213 1723 306 1788 davit
322 1723 410 1808 quod
425 1723 604 1808 praedictus
620 1722 766 1788 Thomas
782 1723 823 1787 de
839 1722 987 1808 Guneys'
1010 1721 1150 1788 clericus
1167 1726 1229 1802 est,
1246 1725 1281 1787 et
1296 1742 1363 1787 non

212 1810 316 1875 habet
339 1809 473 1896 laycum
498 1810 636 1875 feodum
662 1809 721 1874 nbi
744 1812 858 1895 potest
884 1808 1099 1874 summonire.
1153 1808 1235 1874 Ideo
1267 1831 1362 1874 man·

213 1897 331 1962 datum
354 1897 411 1962 W’
426 1896 689 1981 Archiepiscopo
709 1896 916 1962 Eboracenci
932 1896 1021 1979 quod
1036 1895 1142 1960 faciat
1158 1918 1234 1962 eum
1249 1895 1363 1963 venire

213 1985 304 2069 apud
317 1984 507 2050 Eboracum
522 1985 559 2048 in
574 1982 713 2050 Octabis
730 1985 863 2049 Sanctae
877 1981 1067 2048 Trinitatis.
1113 1982 1159 2046 Et
1173 1983 1263 2048 unde
1277 1982 1364 2048 vioe·

213 2091 324 2138 comes
339 2071 525 2151 mandavit,
541 2073 605 2136 etc.

280 2230 694 2299 Westmerl’.-Ricardus
712 2231 802 2296 lilius
821 2229 944 2296 Roaldi
967 2229 1009 2295 de
1031 2228 1201 2310 Overton’,
1220 2230 1365 2296 Thomas

215 2319 301 2386 dela
314 2321 471 2386 Panetrie
486 2323 521 2384 et
534 2318 717 2399 Gunnilda‚
730 2339 815 2383 uxor
825 2317 911 2403 ejus,
927 2317 1108 2398 Oristiana,
1124 2317 1196 2382 filia
1210 2317 1365 2402 Agnetis,

216 2410 250 2473 et
265 2406 402 2486 Oecilia,
418 2407 488 2472 filia
503 2407 629 2472 Emmae
645 2407 686 2471 de
702 2404 865 2490 Appelby,
881 2426 940 2490 per
955 2407 1145 2469 attornatos
1161 2426 1250 2484 suos,
1266 2408 1365 2490 optu-

216 2494 329 2560 lerunt
355 2515 391 2559 se
414 2493 488 2580 ffiju
512 2494 566 2559 die
594 2513 706 2560 versus
730 2493 916 2558 Robertum
940 2492 982 2556 de
998 2491 1122 2556 Sancto
1139 2491 1309 2577 Botulpho
1324 2492 1365 2557 de

215 2581 342 2667 placito
367 2582 458 2666 quod
484 2583 573 2646 esset
596 2581 653 2646 hic
679 2579 721 2644 ad
749 2578 841 2644 hunc
863 2578 953 2644 diem
970 2579 1013 2644 ad
1028 2578 1234 2643 audiendum
1251 2599 1365 2664 recog-

217 2669 383 2733 nitionem
408 2667 520 2734 assisa
544 2666 660 2732 mortis
685 2665 919 2744 antecessoris,
943 2686 1043 2750 quam
1067 2665 1170 2732 iidem
1189 2665 1365 2746 Ricardus‚

217 2755 375 2834 Thomas,
392 2753 576 2833 Gunnilda‚
586 2753 769 2834 Oristiana,
787 2756 822 2818 et
837 2751 964 2818 Oecilia
979 2752 1237 2817 arrainaverunt
1251 2774 1367 2818 versus

217 2863 295 2907 eum
310 2842 352 2908 dc
366 2859 435 2906 uno
451 2841 624 2926 mesuagio
645 2863 722 2908 cum
740 2838 957 2926 pertinentiis
973 2839 1010 2902 in
1024 2839 1188 2924 Appelby.
1234 2840 1280 2905 Et
1294 2839 1367 2925 ipse

217 2950 286 2995 non
301 2929 404 2995 venit.
450 2929 496 2993 Et
510 2927 632 2993 habuit
655 2927 744 2992 diem
766 2927 810 2991 ad
836 2926 927 2990 hunc
948 2925 1056 2991 diem:
1084 2929 1263 3010 postquam
1279 2947 1367 2991 com-

217 3016 334 3102 paruit
348 3016 385 3080 in
400 3016 503 3096 curia,
520 3016 659 3094 scilicet,
675 3015 765 3099 apud
780 3013 933 3099 Appelby
949 3013 984 3077 in
1006 3012 1154 3078 erastino
1169 3012 1368 3100 Epiphaniae

220 3102 369 3168 Domini.
408 3103 429 3168 J
431 3102 591 3182 udicium‚
607 3103 760 3186 capiatur
775 3101 882 3166 assisa
896 3121 1011 3167 versus
1026 3120 1103 3164 eum
1118 3122 1179 3186 per
1193 3100 1369 3181 defaltum,

220 3193 272 3255 set
286 3189 425 3275 ponitur
439 3190 476 3253 in
490 3193 680 3275 respectum
702 3207 806 3272 usque
829 3209 850 3252 a
872 3187 926 3252 die
948 3187 1086 3254 Paschae
1100 3186 1137 3251 in
1154 3209 1257 3251 unum
1274 3209 1367 3253 men-

220 3298 291 3342 sem
314 3278 403 3362 apud
425 3275 577 3362 Appelby
599 3297 660 3360 pro
683 3276 821 3340 delectu
842 3274 1103 3358 recognitorum,
1123 3295 1162 3340 co
1177 3273 1268 3359 quod
1282 3274 1368 3338 nulli

221 3369 395 3431 venerunt.
440 3363 523 3428 ldeo
545 3364 749 3448 praeceptum
772 3364 825 3427 est
847 3360 1036 3427 vicecomiti
1055 3362 1144 3445 quod
1159 3361 1284 3428 habeat
1299 3381 1369 3428 cor-

220 3473 303 3537 pora
318 3452 567 3538 recognitorum
582 3450 627 3515 ad
641 3449 821 3535 praefatum
837 3447 1031 3528 terminum,
1046 3453 1111 3514 etc.

288 3620 651 3688 Westmerl’.-Abbas
667 3619 709 3685 de
724 3618 859 3704 Hepp’‚1
878 3618 935 3703 qui
957 3617 1039 3682 tulit
1059 3618 1158 3684 breve
1173 3640 1287 3686 versus
1303 3620 1370 3686 Ro-

221 3708 355 3774 bertum
367 3708 408 3774 dc
422 3707 547 3793 Slegile
561 3707 602 3772 de
617 3708 691 3786 hoc,
707 3707 795 3791 quod
813 3707 902 3771 idem
917 3705 1087 3772 Robertus
1102 3706 1231 3772 laceret
1242 3711 1369 3774 sectam

221 3795 265 3860 ad
280 3795 510 3862 molendinum
525 3794 631 3879 ipsius
646 3793 791 3859 Abbatis
806 3793 842 3858 iu
859 3792 994 3877 Slegile,
1011 3792 1104 3857 venit
1115 3797 1150 3859 et
1161 3793 1249 3878 petit
1264 3793 1368 3860 liceu-

126 3915 134 3930 ·
221 3883 308 3947 tiam
330 3881 505 3950 recedendi
520 3881 561 3946 de
577 3880 674 3947 breve
688 3901 759 3945 suo.
805 3881 851 3944 at
865 3879 967 3945 offert
982 3879 1157 3944 dimidiam
1172 3880 1216 3943 m'
1231 3881 1368 3945 domino

221 3969 308 4054 Regi
334 3990 395 4056 pro
420 3968 559 4034 licentia
581 3967 757 4033 recedendi
780 3966 821 4031 de
844 3966 942 4032 breve
965 3987 1036 4046 suc,
1060 3970 1096 4032 et
1118 3965 1289 4051 recipitur,
1310 3988 1372 4052 per

222 4056 373 4210 Ξξςίιιω
395 4056 532 4122 uuomae
553 4055 595 4123 de
617 4054 845 4140 Fyscheburu’
868 4054 909 4118 dc
928 4053 1092 4119 comitatu
1106 4052 1370 4134 Northumbmae,

288 4281 441 4367 Rogerus
459 4282 559 4346 Baret
574 4280 615 4345 de
631 4278 817 4359 Burndon',
837 4277 1005 4342 Robertus
1021 4277 1175 4357 Freman,
1192 4280 1227 4342 et
1242 4277 1264 4342 J
1266 4277 1371 4342 ohan·

224 4390 285 4435 uas
307 4369 421 4434 Dolfin
442 4370 565 4454 potunt
587 4386 702 4432 versus
720 4365 830 4431 Adam
845 4365 887 4430 de
902 4364 1127 4450 Hadingtou'‚
1144 4363 1315 4430 Simonem
1330 4365 1371 4431 de

331 4540 339 4575 ¹
357 4541 412 4596 'Pho
423 4539 515 4606 Abbsy
526 4540 554 4592 ol
564 4539 642 4606 Hspp
655 4555 684 4592 or
695 4538 772 4606 Shap,
783 4537 914 4592 dedicated
924 4540 953 4590 to
963 4537 1001 4590 St.
1014 4537 1092 4605 Msry
1103 4535 1264 4604 Msssdcleua
