3264 5110
395 575 510 622 000000
531 577 630 638 aona,
653 541 989 638 rodenmannum,
1014 557 1032 622 ⁷
1056 577 1143 623 anu.
1167 579 1191 622 1.
1309 555 1372 620 357

223 727 351 792 domini
366 729 471 816 Regia
486 751 548 816 per
561 733 705 796 mortem
725 729 899 818 Radnlphi
922 731 966 797 (10
989 731 1111 816 Gangi.
1156 731 1202 795 Iit
1217 730 1371 816 Rogerua

221 815 378 880 Bertram
403 817 578 883 baroniam
604 820 646 884 de
677 818 823 883 Mitiord
851 841 915 910 per
945 819 1120 884 servitium
1147 840 1166 883 v
1195 817 1371 883 feodorum

221 901 431 984 militarium,
467 906 509 970 de
542 905 666 989 quibua
701 905 896 971 alienantur
923 905 1064 992 Hugoni
1094 906 1136 971 de
1165 905 1272 970 Euire
1303 904 1371 970 tria
1399 917 1404 921 '

220 989 323 1055 feoda
353 991 516 1058 militaria
553 998 588 1058 et
619 993 759 1057 dimidia
796 997 832 1058 et
869 998 992 1078 quarta
1029 1015 1107 1078 pare
1143 993 1245 1058 00100
1276 991 1370 1059 feodi

221 1096 263 1141 ex
286 1077 506 1144 feoffamento
532 1079 684 1166 praedicti
708 1081 845 1166 Rogeri‚
881 1084 917 1145 et
946 1081 1120 1146 Walterus
1151 1080 1192 1147 de
1219 1079 1371 1145 Cambou

222 1168 316 1230 tenet
342 1165 421 1232 inde
448 1167 624 1233 servitium
647 1167 749 1233 00100
781 1167 875 1234 feodi
901 1171 938 1232 et
970 1167 1103 1233 dimidii
1137 1167 1297 1232 militarie
1330 1187 1370 1232 ex

220 1250 441 1320 feoffamento
466 1255 592 1340 Rogeri
617 1255 782 1335 Bertram,
809 1258 845 1321 et
871 1276 971 1341 super
993 1256 1058 1322 hoo
1079 1255 1175 1320 venit
1188 1254 1370 1340 praedietue

221 1338 393 1407 Walterue
408 1346 444 1407 et
457 1342 602 1426 protulit
617 1345 746 1409 cartam
766 1342 920 1427 praedieti
933 1341 1061 1428 Rogeri
1084 1343 1126 1408 de
1148 1342 1370 1408 feoffamento

220 1446 389 1495 unacum
412 1433 507 1494 carta
529 1429 657 1494 domini
675 1430 817 1496 Henriei
840 1429 956 1516 Regis,
980 1429 1088 1514 patris
1115 1429 1243 1494 domini
1266 1428 1369 1514 Regis

220 1534 321 1595 nune,
343 1536 416 1600 quae
430 1521 603 1582 testantur
622 1517 712 1601 quod
732 1518 888 1583 dominus
904 1517 1073 1584 Henrieus
1088 1517 1162 1582 Rex
1182 1515 1371 1602 acceptavit

220 1601 421 1686 praedictum
435 1604 705 1670 feoffamentum.
750 1605 880 1670 Dicunt
895 1606 1000 1670 etiam
1024 1605 1112 1689 quod
1127 1604 1313 1669 Nieholaus
1329 1603 1370 1669 de

220 1689 356 1755 Boltebi
377 1691 472 1758 dedit
486 1692 706 1758 medietatem
730 1692 816 1758 villae
839 1692 880 1759 de
902 1692 1043 1773 Widun,
1063 1694 1214 1776 tempore
1229 1690 1372 1756 Henriei

220 1777 336 1862 Regia,
363 1779 473 1844 Priori
496 1779 648 1844 Karleoli
678 1801 781 1864 quam
811 1780 1031 1846 medietatem
1055 1779 1142 1848 villae
1167 1779 1258 1844 idem
1272 1778 1372 1844 Prior

222 1865 321 1929 modo
347 1869 454 1931 tenet.
499 1867 546 1931 Iit
572 1866 745 1934 Gilbertus
776 1867 818 1932 de
842 1866 1048 1932 Humfravil'
1074 1867 1170 1931 dedit
1196 1867 1370 1951 Stephano

220 1951 348 2037 Pigard
369 1953 494 2039 viginti
509 1958 676 2020 marcatas
690 1958 790 2020 terrae
804 1955 840 2018 in
855 1954 936 2020 villa
962 1955 1003 2019 de
1025 1954 1148 2038 Ingou,
1174 1974 1258 2038 quas
1280 1953 1371 2017 idem

222 2038 416 2124 Stephanus
442 2041 483 2106 de
510 2040 600 2107 dieto
625 2041 779 2107 Gilberto
805 2043 904 2108 modo
930 2044 1036 2108 tenet.
1083 2040 1178 2105 idem
1195 2040 1368 2105 Gilbertue

221 2125 316 2192 dedit
342 2127 364 2191 J
366 2127 495 2192 ohanni
520 2129 563 2193 de
589 2129 691 2194 Ilawe
718 2149 777 2194 sex
792 2132 960 2194 mercatae
980 2132 1079 2194 terrae
1104 2128 1141 2191 in
1163 2127 1367 2206 Kerniebue,

220 2216 372 2298 tempore
387 2215 492 2300 Regia
507 2237 608 2297 0000,
625 2237 709 2300 quas
727 2216 916 2281 Willelmue
931 2216 1022 2281 filiun
1044 2215 1128 2280 dieti
1142 2214 1164 2279 J
1166 2214 1311 2278 ohannis
1327 2215 1369 2279 de

219 2301 380 2384 praedieto
396 2302 549 2369 Gilberto
565 2305 664 2368 modo
678 2306 783 2369 tenet.
820 2304 915 2369 Idem
942 2303 1115 2368 Gilbertus
1127 2301 1222 2367 dedit
1241 2301 1369 2366 Abbati

220 2387 308 2454 Novi
323 2389 524 2455 Monaeterii
538 2391 585 2475 xij
597 2391 632 2454 lt’
649 2391 754 2456 annui
769 2391 921 2457 redditus
941 2391 984 2454 de
1007 2389 1152 2474 grangia
1175 2389 1216 2456 de
1232 2387 1368 2453 I'ilton'l

221 2495 304 2559 quae
329 2477 510 2561 praediatus
535 2477 651 2543 Abbas
677 2479 787 2544 eidem
823 2477 976 2543 Gilberto
1011 2477 1150 2543 reddere
1185 2476 1368 2542 consuevit.

220 2563 374 2648 Rogerue
390 2565 430 2631 de
445 2563 585 2650 Merley,
609 2565 760 2645 ultimus,
781 2565 876 2630 dedit
895 2564 1045 2631 Gerardo
1064 2565 1106 2628 de
1122 2563 1370 2648 Woderington

219 2651 369 2735 quinque
383 2657 552 2716 mercatae
567 2655 675 2732 terrm,
699 2657 849 2737 tempore
864 2653 969 2737 Regis
985 2651 1135 2730 Henrioi,
1163 2651 1204 2716 de
1228 2650 1370 2715 baronia

219 2738 261 2803 de
277 2738 433 2820 Mitiord,
450 2761 533 2823 quas
549 2739 639 2804 idem
655 2739 824 2805 Gerardue
847 2740 945 2804 modo
959 2742 1066 2805 tenet.
1111 2739 1200 2803 Item
1214 2737 1368 2822 Rogerue

222 2827 376 2890 Bertram
391 2826 543 2891 vendidit
558 2827 659 2892 Petro
675 2827 716 2892 de
732 2825 937 2892 Monteforti
951 2825 1041 2910 xxvij
1059 2847 1153 2891 aerae
1173 2828 1271 2890 terrae
1292 2845 1368 2889 eum

219 2913 310 2977 tofto
325 2913 363 2976 in
377 2913 532 2998 Mangna
547 2913 656 2979 Iiland
671 2935 748 2980 0οι0
763 2913 982 2979 advocatione
997 2913 1144 2978 ecelesiae
1159 2913 1318 2996 ejusdem,
1334 2915 1371 2976 et

220 3000 342 3065 Petrus
372 3001 527 3066 vendidit
557 3001 707 3066 Wadtero
745 3001 786 3066 de
823 3001 970 3068 Merton'
1000 3005 1035 3065 et
1065 3000 1217 3064 Waltero
1247 2998 1368 3064 elerico

220 3087 405 3154 Oxonienei
426 3089 485 3172 qui
501 3109 591 3153 0000
605 3092 735 3153 100001.
773 3089 863 3152 Item
878 3089 989 3153 Maria
1003 3089 1045 3152 de
1060 3087 1259 3171 Bikeringh'
1274 3085 1370 3150 dedit

218 3174 369 3240 Johanni
385 3175 426 3240 de
441 3175 626 3240 Houthton
647 3175 863 3242 medietatem
886 3175 974 3241 villae
998 3175 1039 3240 de
1063 3174 1189 3260 Aydun
1206 3175 1243 3236 in
1264 3173 1366 3238 mari-

219 3262 314 3347 tagio
344 3282 420 3327 eum
443 3262 615 3343 Alienora,
639 3264 710 3329 filia
738 3264 899 3348 ejusdem,
930 3264 971 3328 de
1001 3262 1142 3328 baronia
1167 3262 1208 3327 de
1232 3261 1365 3326 Bolum.

219 3349 347 3414 Eadem
363 3349 474 3414 Maria
490 3350 584 3414 dedit
599 3351 711 3432 Petro,
721 3351 792 3416 filio
808 3372 879 3428 000,
893 3349 1110 3416 medietatem
1119 3347 1308 3414 molendini
1324 3347 1365 3410 de

218 3436 351 3523 Aydou’
368 3458 444 3502 oum
461 3437 642 3503 medietate
658 3438 904 3504 dominicorum
927 3437 1080 3522 ejusdem
1102 3436 1199 3516 villae,
1215 3438 1366 3519 tempore

219 3524 324 3609 Regis
350 3523 502 3603 Henriei‚
527 3526 635 3609 patrie
662 3525 790 3590 domini
811 3525 914 3609 Regis
937 3546 1037 3590 0000.
1082 3524 1129 3588 Et
1143 3523 1309 3588 Rioardue
1325 3521 1366 3586 de

219 3611 393 3677 Goaebeek
408 3614 444 3676 et
459 3612 640 3696 Margeria,
656 3633 740 3677 uxor
761 3614 843 3697 ejus,
866 3610 1033 3677 dederunt
1048 3610 1265 3677 medietatem
1281 3609 1367 3674 villae

218 3699 260 3763 de
274 3697 463 3764 Bradeiord
477 3699 626 3766 Roberto
642 3699 711 3765 filio
723 3699 864 3764 Henriei
879 3699 920 3763 de
929 3697 1118 3764 Bradeferd
1132 3697 1169 3760 10
1184 3696 1366 3781 maritagio

219 3805 295 3851 eum
310 3785 381 3850 filia
396 3807 458 3850 000
478 3806 555 3851 eum
577 3786 646 3852 0110
666 3787 848 3852 medietate
875 3785 1059 3852 molendini
1085 3785 1127 3849 de
1149 3784 1283 3871 Aydon,
1307 3783 1367 3867 qui

218 3894 310 3939 0000
325 3893 365 3938 00
379 3874 509 3939 100001.

284 4013 351 4092 Qui
366 4011 471 4078 etiam
485 4012 545 4077 alii
560 4035 583 4078 0
595 4014 689 4098 Rege
705 4011 853 4079 clamant
862 4012 986 4078 habere
1001 4013 1147 4090 retorna,
1160 4013 1236 4089 010,
1250 4009 1370 4074 (110001

219 4100 308 4185 quod
338 4099 511 4166 Gilbertue
541 4101 583 4164 de
613 4099 832 4166 Humfravill'
870 4100 995 4165 elamat
1031 4098 1155 4165 habere
1192 4101 1365 4162 retornum

218 4187 379 4266 brevium,
396 4191 432 4253 et
447 4191 543 4253 tenet
557 4187 684 4273 placita
703 4188 745 4254 de
761 4187 874 4252 namio
889 4187 1006 4266 vetite,
1028 4189 1063 4253 et
1083 4185 1186 4250 habet
1200 4184 1315 4249 100000
1332 4187 1367 4248 01

218 4274 360 4339 assisam
382 4274 483 4360 panis
507 4280 542 4340 et
568 4275 725 4355 cervisiae,
751 4278 786 4340 et
809 4274 923 4339 omnia
948 4273 1016 4338 adia
1041 4295 1114 4357 quae
1138 4272 1182 4337 ad
1208 4292 1366 4338 eoronam

216 4361 402 4447 pertinent,
419 4366 470 4428 eet
485 4362 574 4446 quod
597 4382 664 4426 non
687 4365 801 4446 potest
830 4361 982 4446 [habere]
1011 4360 1117 4426 vitam
1147 4363 1182 4423 et
1204 4359 1365 4439 membra,

219 4451 271 4516 001
293 4469 359 4534 quo
373 4455 532 4516 variante
555 4453 590 4516 et
613 4470 634 4514 a
659 4471 725 4534 quo
751 4453 902 4535 tempore
927 4445 1095 4514 nesciunt.
1141 4446 1231 4512 Item
1246 4445 1366 4511 dieunt

476 4588 484 4620 ¹
503 4589 549 4641 See
561 4587 734 4640 Newmineter
746 4586 892 4654 Cartulam
903 4603 927 4652 p.
940 4589 981 4650 64,
993 4587 1050 4640 Sur.
1063 4584 1111 4638 ad.
