3264 5110
245 520 310 588 278
409 543 523 590 sssran
545 543 646 604 noun,
669 543 1007 604 uonraunnnmnn,
1031 521 1050 588 7
1073 543 1159 588 nnw.
1182 542 1207 587 1.

245 711 369 798 viginti
390 713 437 795 lc,
461 717 496 780 et
518 717 637 780 contra
657 735 785 800 paoem,
810 717 874 782 etc.
920 713 967 779 ut
985 715 1190 799 preceptum
1210 711 1281 778 fuit
1301 709 1388 776 vice-

246 800 362 864 comiti
378 802 467 886 quod
482 801 702 887 distringeret
716 823 772 868 eos
788 823 848 887 per
862 823 979 867 omnes
993 805 1113 882 terras,
1128 804 1205 880 etc,
1220 801 1272 865 ita
1285 797 1387 882 qnod,

245 889 322 967 etc,
338 892 374 952 et
389 889 479 973 qnod
499 889 540 954 de
556 889 716 970 exitibus,
741 898 818 969 etc,
835 893 870 955 et
893 889 1033 956 haberet
1054 909 1194 974 corpora
1213 908 1328 952 eornm
1344 883 1388 948 ad

244 973 336 1040 hunc
352 975 450 1040 diem.
483 976 529 1040 Et
543 977 725 1042 vicecomes
741 977 846 1042 nichil
857 977 938 1041 inde
952 977 1036 1043 fecit
1052 979 1103 1042 set
1115 973 1288 1040 mandavit
1299 972 1385 1057 quod

247 1061 398 1144 pnedicti
422 1063 590 1129 Robertus
612 1067 647 1127 et
668 1064 815 1148 Thomas
834 1085 903 1128 non
928 1067 1009 1128 sunt
1030 1063 1170 1144 inventi,
1197 1069 1260 1127 etc.
1305 1059 1388 1124 Ideo

245 1151 450 1234 praeceptum
464 1152 517 1216 est
531 1150 720 1216 vicecomiti
741 1151 831 1236 quod
847 1150 961 1235 capiat
978 1171 1034 1215 eos
1056 1149 1085 1214 si
1105 1149 1246 1228 inventi,
1261 1149 1337 1227 etc,
1353 1150 1388 1210 et

245 1234 348 1316 salvo,
363 1240 438 1318 etc,
453 1236 505 1302 ita
525 1238 614 1322 quod
628 1237 753 1303 habeat
773 1258 913 1324 corpora
927 1257 1043 1303 eorum
1066 1236 1111 1301 ad
1125 1237 1306 1322 prefatum
1322 1238 1389 1298 ter-

245 1321 385 1405 minum,
401 1327 465 1390 eto.
509 1325 556 1389 Et
569 1325 660 1392 unde
675 1325 857 1391 vicecomes
871 1324 1056 1404 mandevit,
1072 1331 1136 1391 etc.

302 1494 856 1562 Cumb1’.-Hen1icusfiliusAdae
871 1494 1081 1561 attechiatus
1092 1493 1161 1559 init
1177 1493 1220 1559 ad
1234 1513 1388 1576 resspon-

243 1578 392 1646 dendum
407 1582 517 1647 Priori
532 1584 573 1648 de
588 1583 821 1648 Extildesham
830 1583 872 1648 de
881 1582 1006 1668 plecito
1017 1583 1107 1666 quod
1118 1581 1200 1666 ipse,
1211 1578 1387 1645 simulcum

244 1667 393 1733 Roberto
408 1669 449 1735 de
464 1669 580 1736 Veteri
594 1673 697 1756 ponte
710 1673 744 1737 et
758 1670 896 1735 'Phomae
910 1669 1078 1748 Godberd,
1094 1689 1170 1735 cum
1186 1668 1275 1735 idem
1290 1665 1388 1731 Prior

243 1755 397 1838 quedam
410 1756 524 1822 averia
537 1757 574 1820 in
590 1757 733 1841 separali
749 1761 889 1843 pastura
901 1778 963 1822 sua
977 1757 1018 1824 de
1033 1756 1217 1824 Aldestone
1232 1754 1387 1839 cepisset,

244 1845 279 1906 et
309 1864 359 1924 ea,
391 1844 575 1909 secundum
604 1844 714 1928 legem
744 1849 779 1908 et
809 1843 1089 1909 consuetudinem
1114 1842 1213 1943 regni
1240 1841 1385 1926 Angliae,

243 1929 1229 2015 u

436 2067 445 2099 ²
614 2067 623 2098 5

244 2103 424 2187 fregerunt
435 2109 471 2169 et
485 2105 598 2169 averia
607 2104 665 2169 illa
676 2106 900 2186 abduxerunt,
911 2107 946 2170 et
961 2105 1125 2185 homines,
1141 2103 1248 2189 ipsius
1259 2101 1387 2169 Prioris
1460 2159 1464 2166 .

243 2190 369 2256 ibidem
384 2191 540 2258 inventos
555 2191 826 2272 verberaverunt,
850 2192 1123 2273 vulneraverunt,
1146 2197 1181 2256 et
1200 2191 1388 2275 inprisona-

244 2279 366 2342 veramt
388 2288 423 2343 et
446 2279 514 2343 adia
535 2278 686 2344 enormia
708 2279 816 2345 eidem
838 2277 948 2345 Priori
970 2279 1097 2345 ibidem
1122 2279 1323 2356 intulerunt,
1346 2275 1390 2340 ad

244 2365 427 2450 dampnum
442 2366 547 2450 ipsius
563 2365 690 2430 Prioris
704 2365 829 2451 viginti
849 2367 886 2430 li'
902 2368 937 2433 et
951 2371 1070 2431 contra
1084 2386 1213 2451 pacem,
1235 2369 1298 2431 etc.
1342 2363 1389 2426 Et

244 2452 334 2516 unde
348 2452 437 2518 idem
447 2451 554 2532 Prior,
565 2475 626 2537 per
637 2457 849 2517 attornatum
865 2474 973 2533 suum,
987 2453 1140 2537 queritur
1151 2451 1240 2536 quod
1250 2451 1322 2536 ipse
1335 2449 1389 2513 die

243 2538 338 2603 Jovis
363 2539 517 2624 proxima
539 2543 617 2625 post
646 2540 774 2604 festum
796 2540 999 2605 Natiuitatis
1024 2540 1138 2606 Beate
1160 2538 1278 2606 Mariae
1299 2557 1389 2602 anno

244 2625 373 2690 domini
396 2626 501 2712 Regis
524 2648 615 2692 nunc
630 2627 760 2711 quinto,
785 2627 935 2713 quaedam
960 2626 1082 2709 averia,
1100 2626 1239 2706 scilicet,
1255 2625 1290 2688 in
1307 2644 1387 2710 quo-

246 2713 324 2778 dam
336 2717 428 2780 certo
438 2713 511 2779 loco
522 2713 581 2797 qui
589 2719 730 2780 vocatur
738 2714 917 2782 Presedale
927 2715 1081 2799 cepisset,
1094 2717 1129 2778 et
1141 2733 1191 2794 ea,
1206 2712 1389 2778 secundum

244 2799 355 2884 legem
370 2805 404 2865 et
417 2801 693 2867 consuetudinem
706 2803 804 2886 regni
818 2801 1128 2887 Angliaeinparcari
1143 2800 1291 2880 fecisset,
1300 2799 1391 2864 idem

246 2887 427 2968 Henricus,
444 2888 622 2954 simulcum
644 2888 814 2973 praedictis
837 2889 967 2954 Thomu
988 2893 1024 2954 et
1045 2889 1205 2969 Roberto,
1221 2884 1390 2972 praedictis

248 2973 302 3038 dia
328 2979 364 3040 et
387 2996 478 3040 anno
498 2973 647 3060 parcum2
674 2975 711 3039 in
737 2997 803 3060 quo
823 2976 935 3043 averia
959 2976 1018 3040 illa
1039 2975 1217 3060 inperceta
1239 2974 1390 3052 fuenmt,

247 3061 437 3146 fregerunt,
453 3064 489 3127 et
503 3061 615 3127 averia
623 3061 683 3128 illa
692 3063 913 3143 obduxerunt,
925 3068 960 3128 et
970 3063 1126 3127 homines
1140 3061 1248 3147 ipsius
1262 3059 1391 3124 Prioris

248 3149 372 3213 ibidem
396 3149 554 3214 inventos
577 3151 846 3231 verberaverunt,
871 3151 1142 3230 vulneraverunt,
1169 3153 1205 3214 et
1224 3147 1391 3233 inprison-

249 3239 401 3316 averunt,
416 3237 506 3302 unde
522 3235 604 3302 dicit
619 3238 709 3321 quod
724 3238 947 3303 deterioratos
963 3242 1016 3304 est
1037 3242 1072 3304 et
1088 3237 1273 3322 dampnum
1287 3235 1391 3298 habet

249 3324 292 3387 ed
307 3323 488 3389 valentium
505 3324 628 3409 viginti
644 3325 691 3390 li'.
737 3325 784 3388 Et
804 3324 884 3390 inde
906 3325 1063 3410 producit
1085 3328 1222 3404 sectam,
1238 3328 1302 3388 eto.
1347 3321 1393 3384 Et

251 3411 418 3476 Henricus
434 3412 527 3475 venit
542 3415 577 3476 et
592 3412 756 3477 deffendit
769 3411 836 3477 vim
853 3416 888 3477 et
902 3411 1076 3497 injuriam,
1091 3411 1235 3496 quando,
1250 3414 1315 3475 etc.
1346 3409 1393 3472 Et

251 3498 336 3563 bene
362 3498 517 3563 defendit
542 3500 631 3582 quod
660 3499 731 3582 ipse
762 3521 934 3584 nunquam
963 3499 1133 3584 praedictis
1163 3498 1217 3564 die
1241 3501 1277 3562 et
1303 3517 1393 3561 anno

250 3607 390 3670 parcum
412 3585 620 3670 praedictum,
644 3585 821 3651 simulcnm
845 3586 1015 3671 praediotis
1038 3587 1188 3650 Roberto
1209 3589 1244 3650 et
1264 3584 1395 3649 Thomu

252 3672 369 3757 fregit,
385 3693 447 3738 neo
469 3673 581 3738 averia
596 3673 633 3736 in
656 3673 771 3739 eodem
787 3673 962 3759 inparcata
984 3673 1139 3753 abduxit,
1162 3694 1224 3740 nec
1246 3671 1393 3756 ediquem
1494 3751 1497 3757 Ι

252 3760 557 3845 transgressionem
581 3759 612 3824 ei
634 3760 720 3825 iecit
743 3759 830 3825 sicut
856 3760 889 3826 ei
911 3761 1056 3845 inponit.
1101 3759 1204 3825 Ponit
1233 3779 1269 3824 se
1295 3777 1396 3842 super

253 3846 408 3932 patriam.
446 3847 492 3910 ut
507 3846 604 3913 Prior
619 3845 784 3912 similiter.
823 3848 905 3912 Id'eo
919 3849 1125 3933 praeceptum
1139 3852 1191 3912 est
1207 3843 1395 3910 vicecomiti

253 3934 343 4018 quod
358 3933 470 4000 venire
479 3932 595 4014 iaciat,
608 3936 698 4019 apud
708 3934 861 4020 Appelby
876 3935 911 3998 in
924 3936 1089 4000 comitatu
1102 3931 1394 3999 Westmerlendiae

255 4041 276 4084 a
290 4021 344 4085 die
360 4020 498 4087 Paschae
520 4021 556 4084 in
581 4044 687 4087 unum
712 4043 872 4103 mensem,
896 4023 964 4087 nisi
977 4022 1011 4088 J’
1033 4024 1074 4087 de
1093 4020 1258 4101 Veliibns,
1273 4018 1331 4082 W'
1354 4017 1395 4082 de

257 4107 392 4186 Saham,
409 4108 451 4172 It’
474 4108 641 4195 Loveday‚
667 4111 687 4173 J
690 4109 699 4140 '
723 4109 765 4173 de
790 4109 1017 4194 Metinghsm,
1041 4112 1076 4175 et
1099 4107 1267 4193 Magister
1289 4105 1328 4170 Ψ
1354 4105 1395 4170 de

256 4194 409 4274 Soditon,
424 4193 477 4259 vel
492 4216 607 4260 eorum
623 4195 753 4280 aliquis,
764 4196 870 4281 prius,
886 4201 963 4276 ete,
976 4195 1036 4281 xij,
1046 4200 1123 4276 etc,
1135 4217 1195 4280 per
1209 4215 1302 4280 quos,
1319 4197 1394 4272 etc,

254 4285 290 4433 pp
292 4303 372 4449 11111ιέ
373 4303 451 4435 ἔα,
467 4287 542 4363 etc,
557 4284 601 4347 ad
615 4285 922 4369 recognoscendum
932 4284 969 4347 in
980 4283 1091 4348 forma
1099 4283 1269 4367 praedicta.
1307 4279 1397 4362 Quia

319 4533 415 4600 Idem
430 4532 527 4602 Prior
541 4533 667 4622 optulit
682 4555 717 4602 se
731 4533 808 4621 iiijto
824 4534 878 4601 die
893 4555 1008 4602 versus
1023 4533 1201 4620 praediotos
1210 4530 1396 4598 Robertum
