3280 5112
361 577 476 622 sssmn
498 577 596 638 nom,
619 577 957 638 nonrnnmnnnnsrrn,
980 557 1023 620 40
1046 577 1128 623 nnn.
1151 578 1207 622 111.
1340 557 1361 620 9

217 751 287 795 non
302 730 560 798 disseisiversmt
574 731 772 817 proediotum
798 730 995 798 Rieardnml
1022 732 1064 797 de
1087 731 1249 818 praedicte
1274 753 1365 797 oom-

217 840 323 883 muna
345 823 494 904 posturae
520 841 623 904 quem
647 818 764 903 posuit
785 820 820 882 in
847 819 924 883 visu
951 839 1012 884 suo
1038 819 1177 904 injuste,
1194 822 1269 900 ete,
1286 819 1367 904 quin

218 906 339 970 dieunt
369 907 458 991 quod
488 907 559 991 ipse
589 927 784 990 nuncquom
809 906 880 971 init
906 906 942 970 in
981 908 1124 992 seysina.
1170 906 1254 972 Ideo
1288 927 1366 972 oon-

219 993 406 1058 siderotnm
435 992 602 1078 estquod
633 993 788 1078 praedieti
817 993 997 1078 Philippus
1024 996 1058 1060 et
1088 993 1256 1059 Ricardus
1286 993 1365 1058 inde

220 1079 295 1145 sine
310 1080 376 1160 die,
392 1084 427 1145 et
442 1081 553 1145 Adam
569 1080 676 1144 nichil
692 1081 807 1166 capiet
821 1101 881 1167 per
896 1081 1037 1146 assisam
1055 1081 1169 1162 istem,
1196 1085 1232 1146 et
1256 1080 1304 1146 sit
1329 1082 1365 1145 in

220 1167 299 1320 ppis'l
310 1189 372 1252 pro
387 1167 477 1233 falso
492 1166 637 1233 elamore
652 1188 713 1254 per
727 1167 879 1254 plegium
894 1167 1068 1254 Radulphi
1087 1169 1149 1232 filii
1173 1169 1300 1254 Rogeri
1324 1168 1366 1233 de

251 1277 288 1322 er
301 1256 403 1321 eton’.
1086 1261 1090 1273 ¹

284 1385 403 1449 Assisa
418 1385 513 1449 venit
527 1383 744 1469 recognitum
759 1384 789 1450 si
803 1385 915 1450 Adam
931 1384 973 1448 de
997 1384 1100 1450 Flokt
1123 1390 1221 1470 pater
1246 1386 1366 1452 Dienae

218 1470 289 1536 fuit
305 1471 442 1536 seisitus
457 1471 495 1534 in
510 1471 680 1536 dominico
701 1493 773 1552 suo,
790 1477 866 1551 ete,
891 1471 932 1536 de
953 1471 1130 1538 duodecim
1154 1473 1241 1538 aeris
1268 1477 1366 1539 terrae

220 1558 531 1644 compertinentiis
547 1558 584 1621 in
600 1557 708 1624 Lucre
724 1559 780 1624 die
795 1580 862 1643 quo
876 1559 943 1624 iter
972 1559 1128 1644 erripuit,
1153 1565 1217 1626 eto.
1262 1561 1308 1624 Et
1325 1562 1365 1640 si,

218 1651 284 1711 sto.
330 1646 440 1727 Quem
455 1649 583 1710 terrem
599 1645 717 1710 Simon
733 1646 775 1712 de
791 1644 912 1712 Luere²
926 1651 1033 1726 tenet,
1049 1647 1108 1732 qui
1123 1647 1218 1712 venit
1233 1651 1268 1714 et
1282 1647 1367 1712 dioit

218 1734 308 1818 quod
323 1733 432 1798 essina
447 1733 527 1798 inde
542 1753 612 1797 non
628 1733 728 1800 debet
743 1734 829 1813 fieri,
846 1733 926 1817 quia
951 1733 1037 1799 dioit
1061 1735 1151 1818 quod
1174 1756 1245 1799 non
1270 1737 1367 1800 tenet

218 1820 261 1886 de
275 1821 440 1907 predicta
454 1824 548 1885 terre
562 1841 663 1904 quem
676 1820 793 1906 posuit
807 1819 844 1884 in
860 1819 935 1886 visu
950 1840 1011 1885 suo
1037 1821 1104 1886 nisi
1130 1821 1247 1886 decem
1271 1843 1366 1886 seins

217 1911 329 1974 terrm.
374 1909 543 1974 Praeteren
558 1907 643 1972 dicit
655 1907 744 1991 quod
755 1908 937 2009 predictus
953 1908 1076 1989 Adam,
1087 1913 1187 1994 peter
1197 1908 1366 1994 praediotoe

218 1995 340 2060 Dinnae
369 1996 411 2060 de
440 1997 535 2080 eujus
564 2001 674 2059 morte
704 2016 816 2060 essrse
843 1994 1017 2060 ermineta
1046 2001 1110 2075 est,
1142 2016 1209 2060 non
1234 1997 1305 2062 fuit
1329 1996 1366 2060 in

219 2083 346 2184 seisine
374 2084 417 2148 de
470 2081 609 2148 raediote
639 2087 743 2184 terro⁸
762 2082 817 2148 die
854 2103 920 2166 quo
967 2083 1150 2184 praedietus
1190 2084 1258 2166 (sio)
1299 2083 1367 2148 iter

220 2174 387 2323 &didi
431 2169 829 2342 dedititii
850 2191 1160 2324 Sipithiiissimn
1184 2170 1366 2322 {titt

219 2345 390 2429 juratores
405 2365 474 2408 non
490 2347 667 2423 venerunt,
683 2344 759 2408 ideo
774 2344 811 2407 in
827 2343 912 2409 mis'.

286 2433 305 2495 J
308 2435 461 2497 oratores
473 2431 594 2497 dieunt
605 2452 707 2516 super
715 2434 965 2497 sacromentum
976 2453 1076 2496 snum
1085 2432 1173 2516 quod
1185 2432 1366 2518 praediotus

221 2519 339 2584 Simon
352 2520 394 2584 de
409 2518 518 2583 Lnore
534 2517 641 2584 voluit
655 2538 850 2605 promovere
870 2519 1072 2603 praediotum
1085 2519 1207 2600 Adam,
1224 2539 1263 2586 eo
1278 2520 1367 2605 quod

220 2605 291 2670 fuit
305 2605 342 2669 in
359 2605 497 2672 servitio
513 2625 585 2687 sue,
602 2606 644 2670 de
660 2626 728 2670 uno
743 2606 834 2670 tofto
850 2610 886 2671 et
900 2607 1070 2691 praedietis
1086 2607 1134 2692 xij
1152 2607 1241 2671 aoris
1257 2611 1368 2687 terrae,

220 2697 256 2758 et
270 2693 356 2759 feeit
370 2693 402 2758 ei
418 2697 548 2759 cartam
563 2715 659 2758 susm
675 2694 716 2760 de
730 2693 955 2758 feoffamento
971 2692 1012 2758 de
1038 2692 1209 2779 praediotis
1224 2694 1317 2760 tofto
1332 2699 1368 2759 et

221 2785 313 2845 terre
341 2783 395 2846 set
423 2779 552 2846 nullom
582 2781 743 2846 seisinem
764 2782 804 2854 ,ei
839 2780 918 2845 inde
955 2779 1051 2860 feeit,
1083 2780 1187 2846 immo
1223 2782 1368 2867 ipsemet

222 2887 353 2952 semper
367 2869 531 2934 remansit
546 2867 583 2930 in
599 2867 725 2932 seisina
738 2867 780 2934 de
803 2868 974 2952 praedietis
997 2868 1087 2933 tofto
1113 2872 1149 2932 et
1174 2871 1276 2933 term.
1321 2869 1368 2934 Et

220 2954 358 3041 proeoise
387 2954 507 3019 dieunt
535 2954 626 3039 qnod
654 2954 837 3041 praedietus
866 2955 978 3019 Adam
1007 2956 1062 3020 die
1092 2975 1158 3040 quo
1180 2956 1245 3020 iter
1269 2977 1368 3021 suum

221 3042 378 3128 erripuit,
399 3062 632 3126 necunquam
656 3047 766 3120 entes,
788 3042 858 3106 init
882 3041 960 3109 inde
981 3042 1019 3106 in
1038 3043 1175 3108 seisino.
1219 3044 1266 3108 Et
1290 3043 1367 3110 ideo

220 3129 401 3216 preediotus
418 3127 536 3194 Simon
551 3129 630 3195 inde
646 3128 718 3194 sine
734 3129 798 3194 die.
844 3129 890 3194 Et
906 3129 1018 3194 Dione
1041 3130 1076 3194 in
1093 3130 1169 3194 mis'
1195 3151 1256 3216 pro
1278 3131 1368 3196 falso

221 3216 377 3298 elamore,
391 3219 598 3303 pauperent.

285 3353 406 3420 Assisn
432 3355 529 3419 venit
557 3354 775 3439 recognitum.
804 3354 833 3418 si
862 3353 1063 3419 Elimbethe
1090 3354 1160 3419 filis
1190 3355 1368 3441 Margeriae

222 3445 331 3509 motor
346 3443 366 3506 J
368 3442 512 3508 ohnnnis
527 3440 591 3505 filii
605 3440 749 3506 Henriei
763 3440 833 3506 fuit
855 3441 973 3506 seisite
987 3442 1024 3505 in
1049 3441 1217 3507 dominico
1244 3463 1305 3508 suo
1330 3446 1369 3508 ut

222 3529 264 3596 do
293 3529 404 3610 feodo,
435 3529 476 3594 de
507 3529 687 3614 sexaginta
716 3529 803 3593 seris
840 3532 939 3593 terrae
976 3551 1053 3595 sum
1082 3529 1300 3613 pertinentiis
1331 3531 1367 3593 in

222 3615 425 3696 Gresterne,8
439 3615 495 3681 die
508 3636 584 3700 quo,
597 3621 661 3682 eto.
706 3616 753 3680 Et
769 3615 808 3696 si,
821 3619 887 3680 eto.
932 3615 1042 3696 Quem
1055 3619 1181 3681 terrem
1192 3616 1215 3681 J
1216 3617 1368 3682 ohannes

222 3705 264 3769 de
279 3702 472 3769 orestem*
485 3707 591 3783 tenet,
608 3702 666 3788 qui
681 3702 775 3767 venit
795 3706 831 3767 et
851 3701 1040 3787 dicitquod
1059 3704 1132 3788 ipse
1153 3703 1260 3770 nichil
1280 3705 1367 3788 juris

222 3791 367 3857 elamore
399 3792 514 3875 potest
550 3789 588 3853 in
624 3790 785 3875 praediote
817 3794 920 3870 terro,
956 3794 1009 3855 set
1046 3790 1131 3855 dicit
1168 3793 1257 3876 quod
1295 3793 1367 3878 ipse

221 3877 406 3963 aliquando
420 3877 534 3943 tenuit
553 3877 751 3978 praediotem
767 3881 892 3942 terrem
909 3878 990 3943 dum
1006 3878 1096 3942 idem
1110 3879 1132 3942 J
1134 3879 1284 3944 ohannes
1299 3879 1369 3944 fuit

221 3966 314 4030 inira
339 3967 473 4030 aetstem
497 3967 534 4030 et
557 3985 595 4028 1n
621 3965 777 4030 custodia
801 3985 873 4029 sne.
918 3965 965 4029 Et
991 3987 1092 4050 quem
1119 3965 1188 4032 oito
1211 3966 1283 4051 ipse
1298 3967 1368 4031 fnit

222 4052 329 4138 plenae
344 4052 456 4117 aetetis
472 4053 544 4138 ipse
559 4050 709 4118 reddidit
720 4051 830 4118 eidem
853 4050 876 4115 J
877 4051 1006 4117 ohanni
1020 4053 1218 4137 praediotem
1242 4059 1368 4118 terrem

222 4161 319 4206 suam
334 4143 370 4204 et
384 4139 497 4225 ipsum
511 4139 590 4204 inde
606 4137 643 4202 in
658 4138 808 4223 plenario
823 4138 950 4204 seisins
958 4140 1084 4224 posuit.
1130 4141 1177 4204 Et
1191 4141 1367 4206 iohannes

257 4309 506 4372 ¹Sio‚mistskssor
518 4309 611 4364 Adam.
854 4309 1010 4378 ’Pnobsbly
1034 4312 1153 4364 Cnistron
1177 4310 1205 4364 in
1230 4311 1370 4378 Rothbury

255 4375 371 4429 'Simon
387 4378 419 4430 ds
435 4376 519 4430 Imore
540 4378 600 4430 held
623 4377 726 4430 Lusker
743 4379 770 4429 oi
820 4378 920 4430 Psi-ish.

223 4444 268 4496 the
281 4445 420 4511 Beronyoi
431 4444 514 4511 Vesoy
529 4445 619 4506 (Testa
629 4447 661 4495 ds
673 4445 769 4509 Nestll,
855 4444 865 4476 ⁴
881 4444 954 4497 John
971 4445 1002 4497 de
1020 4445 1148 4497 Kerstern
1165 4445 1225 4498 held
1242 4445 1369 4497 Kerstern

223 4527 249 4577 p.
258 4511 328 4578 ³84).
821 4513 853 4628 (ἐξ
865 4511 1093 4642 Ιιᾶιοιιῐιίιτοιέἔῆοῖ
1118 4511 1262 4579 Gmystook
1280 4513 1370 4576 <Tusa

892 4597 930 4630 eos
953 4595 994 4644 ,p.
1071 4611 1077 4624 ·
