3278 5104
380 547 495 592 sss1zn
518 549 615 610 noun,
639 549 974 610 nonununsunnsun,
998 531 1041 594 40
1063 550 1145 595 nun.
1168 550 1222 594 111.
1312 527 1376 592 119

226 699 385 851 yglelton',l
400 702 624 819 l3u1wencion'
645 724 713 769 non
734 711 900 769 venerunt
919 703 1018 789 plene
1042 703 1085 769 ssi
1106 702 1373 788 inquisitionem,

226 808 239 850 1
263 807 302 854 eo
317 809 355 852 1n
370 810 456 856 mis.

291 925 484 992 Willelmus
512 927 545 993 le
574 927 717 1013 Moyner
746 927 787 993 de
817 925 985 1013 Alington
1014 946 1193 1013 oppressus
1217 925 1287 991 fuit
1316 947 1376 1010 per

227 1013 397 1097 quendam
411 1017 521 1080 rotam
536 1014 724 1082 molendini
738 1013 782 1079 nd
797 1018 952 1080 mortem.
997 1015 1020 1080 J
1021 1015 1173 1080 ohannes
1188 1014 1229 1079 de
1245 1013 1374 1098 Ferley,

226 1099 355 1186 primus
369 1101 537 1183 inventor,
552 1103 646 1168 venit
660 1105 696 1167 et
710 1122 779 1167 non
794 1101 1034 1168 meleoreditnr
1048 1122 1111 1167 nec
1134 1100 1256 1186 uliquis
1276 1100 1375 1165 nlius.

83 1251 89 1262 ,
228 1187 411 1270 iudicium,
427 1189 666 1255 infomunium.
711 1189 868 1255 Precium
890 1193 974 1256 rotae
988 1189 1014 1276 ij
1025 1190 1051 1253 ε’
1066 1189 1100 1276 vj
1113 1190 1158 1271 d’,
1175 1188 1265 1256 unde
1287 1187 1376 1254 vice-

228 1295 338 1343 comes
353 1277 565 1362 respondent.

293 1403 479 1471 Nicholnus
508 1406 540 1472 le
569 1405 685 1472 Oreler
712 1405 902 1473 vulneravit
927 1405 1111 1491 Hugonem
1137 1404 1179 1470 de
1199 1402 1375 1469 Bikerton’

229 1492 376 1576 quodum
398 1493 522 1560 entello
537 1494 600 1559 sub
614 1492 765 1558 mamille
783 1493 922 1559 sinistro
935 1493 972 1557 in
988 1513 1106 1578 compo
1121 1492 1163 1557 de
1178 1491 1375 1578 Bykerton’,

229 1579 281 1644 ite
304 1580 394 1664 quod
418 1580 535 1645 statim
559 1581 655 1646 obiit.
701 1582 746 1645 Et
771 1580 956 1646 Nicholuus
979 1580 1098 1645 statim
1113 1579 1207 1665 fugit
1222 1581 1258 1644 et
1272 1577 1375 1643 male·

231 1667 391 1748 creditur,
406 1667 483 1733 ideo
498 1667 656 1754 exigetur
680 1671 716 1734 et
738 1668 923 1754 utlogetuu.
968 1666 1103 1732 Catulle
1118 1667 1193 1752 ejus
1209 1665 1324 1750 xxxvij
1337 1665 1375 1744 ε’,

230 1753 321 1818 unde
336 1755 520 1821 vicecomes
542 1755 754 1840 respondent.
799 1755 846 1820 Et
868 1753 1054 1820 Nicholuus
1078 1753 1168 1819 filius
1189 1751 1376 1832 Eustachii,

232 1840 442 1907 attachintus
478 1863 517 1908 eo
554 1843 644 1926 quod
688 1863 834 1928 prsesens
881 1841 962 1921 fuit,
999 1863 1069 1907 non
1105 1840 1200 1907 venit
1238 1842 1273 1905 et
1309 1839 1379 1903 fuit
1461 1901 1465 1911 ,

231 1928 441 1994 attechintns
455 1949 516 2013 per
531 1928 721 1996 Walterum
736 1929 779 1994 de
799 1929 946 2014 Hephnl’
963 1931 998 1994 et
1013 1929 1201 1994 Robertum
1216 1927 1379 2012 Tyrewen

231 2015 269 2078 in
298 2014 482 2096 Bikerton',
512 2016 588 2082 ideo
617 2017 655 2080 in
680 2016 767 2081 mis'.
823 2017 870 2081 Et
898 2017 1069 2102 juratores
1093 2016 1265 2081 testentur
1288 2012 1378 2098 quod

230 2102 411 2186 praediotus
427 2102 612 2168 Nicholous
627 2103 715 2168 filins
730 2103 907 2169 Eustachii
923 2125 991 2168 non
1015 2105 1068 2169 est
1092 2101 1279 2188 culpabilis.
1332 2099 1378 2164 Et

231 2189 351 2254 villota,
373 2189 415 2254 de
438 2189 467 2253 B
490 2190 631 2256 kertone
655 2212 723 2254 non
750 2191 840 2274 oepit
863 2191 974 2276 ipsum
999 2188 1215 2269 Nicholaum,
1240 2188 1316 2253 ideo
1342 2186 1379 2250 in

231 2277 410 2428 misiam&
455 2277 462 2292 ⁸
492 2281 551 2342 nte
572 2276 774 2344 Hnneshull'
790 2277 947 2344 similiter
961 2277 999 2341 in
1013 2277 1101 2358 mis',
1117 2277 1197 2362 quin
1211 2296 1281 2340 non
1295 2273 1381 2340 fecit

232 2383 286 2430 see
363 2411 371 2430 .

297 2509 443 2590 Quidem
452 2509 591 2596 ignotus
605 2510 765 2577 inventus
779 2510 849 2575 fuit
858 2510 987 2577 occisus
1002 2509 1039 2574 in
1054 2508 1224 2595 compede
1234 2506 1380 2593 Hybum

231 2596 345 2682 plures
385 2597 512 2662 hebens
548 2597 679 2683 plagas.
737 2598 908 2663 Robertus
945 2597 1036 2662 filius
1073 2597 1213 2682 Wllryn,
1249 2594 1379 2680 primus

232 2683 401 2764 inventor,
424 2684 518 2750 venit
544 2688 579 2750 et
605 2706 674 2751 non
699 2685 946 2752 molecreditur.
1006 2684 1168 2750 Nescitur
1197 2682 1272 2768 quis
1301 2702 1379 2747 eum

233 2771 368 2836 occidit.
413 2771 459 2837 nt
484 2771 611 2837 villstae
635 2773 676 2837 de
700 2772 914 2854 Trikelcoff
942 2771 1129 2853 Lilleburn,
1156 2768 1380 2856 Ohyuelinge·

232 2857 334 3009 liffeim·
347 2862 383 2924 et
406 2857 570 2978 qnntton'
598 2859 825 2946 sepeliverunt
854 2881 932 2926 eum
958 2858 1033 2924 sine
1058 2858 1134 2924 visu
1159 2857 1380 2938 coronatoris,

232 2967 246 3009 1
270 2965 363 3011 eom
382 2968 471 3012 m1s.

298 3091 538 3160 Maleiectores
575 3092 687 3180 ignoti
733 3093 965 3177 burgeverunt
1001 3093 1140 3157 domum
1178 3088 1282 3156 Aleni
1318 3088 1382 3154 filii

234 3179 399 3245 Willelmi
422 3181 459 3244 in
474 3180 639 3267 Angram,
654 3182 690 3245 et
712 3180 802 3246 bonu
825 3201 887 3244 sus
912 3179 949 3243 in
974 3181 1093 3245 eedem
1116 3179 1216 3244 domo
1242 3177 1382 3244 invente

200 3271 504 3354 'asportaverunt
558 3267 719 3333 Nescitur
745 3267 803 3352 qui
826 3267 979 3333 fuerunt.
1033 3268 1080 3332 Et
1109 3265 1281 3332 hutesium
1311 3263 1382 3328 fuit

232 3354 393 3435 levatum,
406 3357 441 3422 et
454 3354 574 3421 villeta
587 3354 630 3420 de
644 3354 810 3440 Angrnm³
824 3375 894 3419 non
905 3354 990 3421 fecit
1001 3357 1140 3434 sectum,
1156 3353 1232 3420 ideo
1247 3351 1284 3415 in
1294 3351 1380 3436 mis'.

154 3491 156 3496 ’
297 3491 351 3610 pe
376 3491 434 3556 W'
460 3491 643 3558 vicecomte
667 3493 709 3557 de
735 3491 868 3559 catellis
893 3491 1043 3558 Wuldef'
1070 3491 1174 3578 Peyn'
1197 3488 1382 3557 combustis

234 3601 302 3646 xvc
316 3628 324 3646 .

298 3717 469 3785 Robertus
494 3717 583 3784 filius
609 3717 751 3784 Roberti
772 3718 1013 3786 Molendinaiii
1027 3718 1195 3804 percussit
1209 3715 1380 3803 Tyocksm

234 3805 339 3870 filium
365 3805 513 3872 Simonis
539 3807 684 3890 quodem
713 3806 834 3872 baculo
863 3805 901 3871 in
931 3805 1053 3892 capite,
1079 3805 1129 3873 itu
1151 3805 1243 3890 quod
1260 3803 1380 3870 statim

233 3896 354 3977 postes
389 3893 468 3960 inde
498 3893 593 3960 obiit.
649 3894 696 3958 nt
737 3893 908 3960 Robertus
939 3893 1058 3960 statim
1086 3893 1181 3980 fugit
1210 3896 1246 3960 et
1275 3890 1379 3956 male-

234 3980 392 4060 oreditnr,
408 3980 484 4046 ideo
510 3980 668 4067 exigetur
692 3984 728 4047 et
750 3981 936 4068 utlugetur.
981 3981 1087 4046 Nullo
1105 3980 1228 4046 hebuit
1243 3978 1379 4044 entello.

232 4069 280 4133 Et
294 4066 413 4133 villeta
437 4068 478 4132 de
502 4067 710 4155 Edinghsm⁴
724 4089 793 4133 non
810 4069 900 4154 cepit
920 4069 1043 4154 ipsum,
1059 4068 1135 4134 ideo
1150 4067 1187 4132 in
1203 4066 1290 4133 mis'.
1335 4065 1382 4130 Et

234 4154 405 4220 Henrieus
429 4154 462 4222 le
487 4156 601 4237 Escot,
629 4156 839 4222 attachietus
861 4177 901 4224 eo
928 4156 1018 4241 quod
1039 4177 1188 4241 praesens
1213 4153 1293 4235 fuit,
1310 4172 1379 4216 non

233 4243 328 4308 venit
353 4244 388 4307 et
414 4243 484 4307 fuit
499 4243 708 4309 attachictus
732 4265 793 4329 per
806 4243 957 4310 Alsnum
973 4244 1144 4310 Forestnr’
1161 4242 1203 4308 de
1218 4239 1380 4326 Edeling-

268 4415 277 4448 ¹
295 4414 414 4483 Poseibly
425 4416 557 4470 Alwintou
568 4417 619 4470 and
630 4417 774 4470 Burrodcn.
870 4415 881 4449 ³
897 4419 1014 4484 Ingrsm.

234 4479 496 4613 ωῑαᾚὲἶῖῆῗέ,
514 4484 634 4549 Lutum,
657 4483 782 4551 Ohilling·
866 4484 876 4518 ⁴
893 4485 944 4538 For
955 4485 1121 4552 Edlinghsm.
