3264 5110
401 519 516 567 sssmn
538 522 637 582 nonu,
661 521 1001 584 ronrncrmrnmro,
1027 503 1046 569 7
1070 523 1158 570 now.
1182 524 1208 572 1.
1318 499 1381 568 297

232 693 301 738 non
326 673 507 742 accederet.
553 677 599 742 at
625 676 709 743 dicit
735 678 825 762 quod
850 681 930 763 post
953 677 1193 745 inhibitionem
1219 677 1314 743 illam
1336 677 1381 744 ad

232 763 346 843 partes
361 762 403 829 de
418 763 579 850 Tyndale,
597 765 741 830 accessit
762 768 798 829 et
820 765 868 830 ibi
889 765 1061 831 namiatus
1083 766 1164 847 fuit,
1185 766 1274 832 unde
1296 765 1382 832 dicit

232 849 322 932 quod
336 870 404 914 non
419 850 538 915 debuit
551 853 664 936 ipsum
681 852 866 918 Hemicum
881 853 1083 936 aquietasse,
1100 857 1165 920 etc.

298 935 345 1000 at
359 937 528 1004 Henricus
544 943 579 1004 et
593 938 654 1004 elii
669 939 789 1004 dicunt
801 940 890 1023 quod
904 961 1077 1024 nunquam
1093 940 1207 1023 aliqua
1221 939 1383 1005 inhibitio

233 1021 328 1088 facta
347 1023 417 1088 fnit
431 1026 521 1110 quod
537 1025 650 1091 nullus
664 1027 842 1112 burgensis
857 1027 1032 1093 accederet
1046 1027 1089 1091 ad
1104 1032 1219 1111 partes
1231 1026 1308 1091 illas
1322 1049 1383 1112 per

233 1129 443 1178 communem
469 1133 638 1178 aneensem
660 1112 759 1198 burgi
789 1113 877 1179 Nori
907 1113 1030 1181 Oestri.
1073 1114 1120 1179 ac
1149 1114 1266 1179 dicunt
1292 1114 1382 1198 quod

231 1197 411 1280 pradictus
433 1198 602 1265 Henricus
624 1200 795 1266 namiatus
818 1199 888 1265 fuit
902 1223 962 1286 per
976 1201 1174 1286 praedictum
1190 1202 1381 1266 Johannem

232 1288 268 1349 et
281 1306 343 1370 pro
358 1286 472 1352 debito
486 1287 523 1351 in
539 1307 604 1371 quo
618 1287 708 1354 idem
719 1287 741 1352 J
743 1287 893 1353 ohannes
906 1288 1052 1355 asseruit
1063 1288 1208 1355 eundem
1218 1288 1384 1353 Thomam

232 1371 263 1435 ei
277 1372 396 1438 teneri.
442 1374 488 1438 Et
514 1374 604 1459 quod
627 1374 695 1460 ipsi
718 1395 796 1440 eum
819 1397 860 1442 ea
882 1375 1014 1442 ratione
1029 1396 1089 1461 per
1104 1375 1383 1442 consuetudinem
1432 1383 1437 1392 '

232 1459 333 1524 ouriae
359 1460 458 1545 burgi
481 1460 570 1526 Novi
596 1461 709 1527 Oastri
738 1461 997 1528 distrinxerunt.
1056 1461 1196 1527 Ponunt
1222 1483 1258 1527 se
1282 1483 1384 1546 snper

232 1545 389 1629 patriam.
434 1548 481 1612 at
495 1548 575 1632 quic
590 1549 655 1614 hoc
669 1548 758 1613 idem
775 1549 967 1615 convictum
989 1553 1042 1616 est
1055 1571 1116 1634 per
1127 1549 1289 1634 juratam,
1305 1570 1383 1615 con·

233 1632 419 1700 sideratum
436 1638 489 1700 est
508 1635 598 1719 quod
620 1636 801 1722 praedictus
824 1636 993 1702 Henricus
1008 1641 1043 1701 et
1057 1635 1117 1701 alli
1133 1637 1211 1700 inde
1228 1636 1300 1700 sine
1316 1636 1382 1716 die,

232 1723 268 1783 et
282 1721 429 1786 Thomas
445 1721 612 1808 Wytewel
628 1722 733 1789 nichil
750 1722 863 1808 capiat
878 1745 938 1808 per
958 1724 1109 1808 juratam
1132 1724 1245 1803 istam,
1269 1727 1321 1788 set
1336 1723 1382 1788 sit

231 1806 443 1960 {rurippipl’nppo
456 1809 555 1961 ἔξω
582 1809 827 1962 ⁰¹³m‘2'0ffl0·
856 1810 1088 1962 lilgardonfptur
1109 1811 1154 1963 atscl
1178 1811 1383 1876 instantiam

315 1917 334 1960 e
383 1918 394 1960 1
422 1916 441 1961 e
523 1918 681 1983 unceyse
715 1917 856 1963 emma
904 1919 1162 1983 rponrur,e.

279 2091 403 2157 Annon
427 2113 473 2156 nn
496 2113 655 2157 nrvnnsrs
678 2091 839 2158 Pnscrr1s
862 2113 1082 2158 nrvaasoanm
1103 2092 1340 2160 Gourrnrnnu.

297 2238 464 2325 Magister
500 2237 690 2323 Hospitalis
721 2237 839 2303 Sancti
875 2237 1033 2304 Nicholai
1062 2239 1104 2303 de
1133 2238 1295 2320 Eboraco,
1325 2259 1385 2324 per

162 2381 167 2394 .
232 2329 445 2392 attornatum
460 2346 569 2404 suum,
585 2325 712 2410 optulit
727 2346 763 2390 se
777 2325 853 2410 iiijto
865 2325 919 2391 die
935 2346 1050 2390 versus
1074 2325 1182 2389 Adam
1205 2325 1247 2392 de
1267 2325 1382 2390 (larie-

232 2423 293 2478 ton
315 2413 357 2480 de
378 2412 504 2497 placito
527 2411 615 2496 quod
637 2411 745 2478 faciat
763 2413 795 2477 ei
812 2413 1073 2478 consuetudines
1089 2418 1123 2478 ct
1138 2415 1223 2478 reta¹
1246 2413 1384 2479 servitia

232 2521 305 2585 quae
318 2500 350 2564 ei
364 2501 476 2565 fecere
489 2499 589 2564 debet
601 2499 643 2564 de
654 2499 761 2564 libero
772 2502 969 2567 tenemento
985 2521 1057 2578 suo,
1073 2499 1162 2583 quod
1178 2499 1219 2564 de
1235 2520 1274 2564 eo
1288 2504 1384 2566 tenet

231 2587 269 2651 in
284 2587 434 2668 Barton',
451 2586 540 2652 utin
557 2585 757 2666 redditibus,
775 2586 965 2671 arreragiis,
981 2590 1017 2653 et
1035 2585 1122 2650 aliis.
1167 2587 1213 2650 lilt
1227 2587 1299 2671 ipse
1314 2608 1383 2652 non

232 2674 336 2740 venit.
382 2674 428 2738 lit
443 2676 647 2759 preceptum
666 2673 737 2736 fuit
758 2673 949 2740 vicecomiti
965 2673 1054 2757 qnod
1069 2673 1382 2758 distringereteum

231 2782 292 2847 per
317 2781 432 2826 omnes
458 2766 576 2840 terras,
603 2765 680 2842 etc,
707 2764 742 2828 et
765 2760 855 2845 quod
878 2761 920 2825 de
944 2760 1103 2840 exitibus,
1130 2764 1206 2840 etc,
1235 2764 1270 2826 et
1295 2761 1383 2844 quod

232 2849 373 2915 baberet
402 2868 522 2932 corpus
552 2847 658 2932 ipsius
688 2847 744 2912 hic
773 2848 816 2912 ad
845 2848 936 2912 hunc
966 2847 1066 2912 diem.
1125 2847 1172 2911 Et
1201 2846 1383 2914 vicecomes

233 2934 340 3001 nichil
354 2934 433 3002 inde
448 2934 543 3015 fecit,
560 2933 795 3000 setmandarit
810 2934 899 3018 quod
915 2935 1079 3020 receperit
1093 2933 1268 2998 dimidiam
1281 2936 1325 2998 m’
1342 2935 1383 3002 de

233 3022 381 3088 exitibus
403 3025 569 3088 terrarum
591 3021 698 3108 1psius
721 3021 813 3086 Adae.
858 3021 940 3086 Ideo
955 3021 1043 3086 sicut
1066 3021 1159 3106 prius
1182 3027 1385 3107 praeceptnm

232 3114 285 3176 est
310 3108 500 3176 vicecomiti
524 3108 613 3193 quod
637 3108 821 3194 distringat
841 3128 918 3173 eum
940 3129 1000 3194 per
1024 3129 1139 3174 omnes
1163 3113 1282 3189 terras,
1307 3113 1383 3190 etc,

232 3197 283 3262 ita
304 3196 404 3282 quod,
427 3201 505 3276 etc,
527 3201 564 3260 et
586 3195 676 3279 quod
701 3195 742 3260 de
772 3195 930 3276 exitibus,
961 3200 1038 3276 etc,
1070 3200 1106 3260 et
1139 3196 1228 3280 quod
1258 3196 1384 3261 habeat

234 3305 356 3370 corpus
378 3285 451 3369 ejus
473 3283 562 3367 apud
580 3281 734 3368 Appelby
749 3282 785 3345 in
801 3283 965 3348 comitatu
987 3303 1058 3363 suo,
1081 3304 1102 3347 a
1124 3282 1178 3348 die
1196 3283 1334 3348 Pascha
1348 3284 1385 3347 in

234 3393 340 3436 unum
355 3391 515 3451 mensem,
532 3374 596 3435 etc.
641 3369 687 3433 Et
700 3369 827 3434 habeat
842 3368 891 3434 ibi
905 3369 1081 3454 praedictos
1097 3369 1219 3450 exitus,
1231 3373 1294 3435 eto.
1340 3371 1386 3434 Et

233 3459 416 3525 vicecomes
432 3457 478 3523 sit
493 3456 540 3522 ibi
556 3457 600 3522 ad
614 3455 820 3522 audiendum
834 3456 1001 3542 judicium
1016 3477 1125 3538 suum,
1141 3462 1205 3524 etc.

286 3649 433 3714 Pmcrrs
455 3667 501 3712 na
523 3667 680 3712 n1vans1s
704 3646 935 3712 (incurramus
958 3667 1084 3711 mnan
1108 3667 1145 3711 ns
1168 3667 1331 3714 crssrmo

514 3734 794 3799 Pumrrcnrrorus
816 3734 940 3798 erm
964 3734 1102 3800 Manna.

298 3882 409 3946 Adam
430 3881 521 3946 filius
536 3879 681 3945 Gilberti
696 3879 737 3947 de
752 3879 976 3966 Oomwyntyn
998 3884 1033 3946 et
1053 3880 1184 3961 limma,
1200 3901 1284 3946 uxor
1298 3881 1384 3968 ejus,

233 3973 357 4056 petunt
383 3989 498 4034 versus
521 3967 690 4033 Abbatem
714 3967 755 4032 de
779 3965 900 4032 Oaldre
924 3988 1029 4031 unum
1053 3967 1283 4052 messuagium
1308 3989 1384 4033 cum

233 4057 448 4142 pertinentiis
475 4056 512 4119 in
536 4054 735 4134 Ochermue‚
761 4057 800 4118 ut
829 4053 886 4136 jus
913 4054 1019 4139 ipsius
1049 4053 1187 4134 llmmae,
1218 4057 1282 4119 etc.
1339 4056 1385 4120 Et

233 4145 360 4224 Abbas,
384 4164 444 4228 per
469 4145 681 4207 attornatum
705 4162 815 4220 suum,
844 4142 991 4208 renitet
1014 4142 1102 4226 petit
1122 4141 1200 4206 inde
1215 4141 1334 4222 risum,
1351 4145 1386 4207 et

235 4231 367 4296 habeat.
413 4230 494 4295 Dies
516 4229 615 4294 datus
631 4228 747 4294 osteis
763 4229 855 4314 apud
870 4227 1024 4314 Appelby
1039 4229 1076 4291 in
1092 4228 1258 4294 comitatu
1275 4229 1386 4294 West

235 4318 427 4386 merlandire
442 4339 463 4382 a
478 4317 532 4382 die
546 4317 684 4382 Pascha
699 4317 736 4380 in
750 4337 859 4380 unum
880 4336 1039 4382 mensem.
1084 4317 1131 4380 Et
1152 4316 1300 4397 interim,
1319 4319 1385 4384 eto.

728 4488 735 4520 ¹
753 4488 804 4541 For
814 4495 894 4542 ncta.
