3278 5104
269 511 333 576 170
421 531 535 576 neem
558 531 658 592 nonu,
680 531 1019 592 rournnnnnmrn,
1043 512 1190 577 5311.
1214 531 1268 578 ιιι.

267 685 464 772 Margareta
477 689 597 772 postea
611 685 766 752 feoffuvit
781 685 861 752 inde
883 686 996 772 ipsum
1011 685 1215 768 Gilbertum,
1231 688 1323 752 unde
1336 686 1422 753 dieit

268 774 357 858 quod
370 775 551 859 predictus
567 775 588 837 J
590 773 741 839 ohannes
756 795 826 838 non
841 774 928 839 obiit
942 774 1021 841 inde
1043 774 1199 860 seysitus,
1215 778 1250 842 et
1266 775 1355 860 quod
1370 775 1421 839 itu

268 861 325 941 sit,
351 861 450 946 ponit
476 883 511 928 se
537 882 639 948 super
661 861 812 927 annisum.
857 862 881 927 J
883 866 1035 929 aratores
1058 863 1179 928 dieunt
1194 883 1295 947 super
1310 883 1420 927 suern·

267 953 420 1014 mentum
445 970 544 1013 suum
569 949 661 1034 quod
686 949 867 1034 praedictus
893 949 1079 1029 Johannes,
1107 950 1149 1014 de
1175 949 1273 1034 eujus
1299 951 1419 1029 morte,

267 1038 342 1115 ete,
359 1057 428 1101 non
443 1035 530 1101 obiit
545 1037 690 1122 seysitue
706 1036 747 1102 de
762 1037 924 1121 praedieto
936 1038 1133 1102 tenemento
1149 1037 1239 1121 quod
1298 1036 1369 1101 suit
1383 1037 1420 1100 in

267 1123 342 1187 risu
360 1143 431 1188 suo.
478 1122 562 1188 Ideo
585 1123 837 1189 consideratum
860 1129 913 1189 est
932 1125 1022 1209 quod
1041 1123 1223 1210 praedictus
1276 1123 1419 1189 ilbertus

267 1210 348 1275 inde
364 1211 437 1274 siue
452 1211 518 1290 die,
534 1215 570 1275 et
584 1211 607 1275 J
609 1211 760 1276 ohannes
775 1212 867 1277 filius
889 1212 912 1276 J
913 1211 1061 1276 ohannis
1086 1211 1124 1275 in
1148 1211 1225 1276 mis’
1247 1233 1309 1297 pro
1331 1210 1421 1276 fuleo

170 1297 172 1300 ’
267 1296 423 1363 elamore.

331 1419 442 1482 Adam
468 1420 510 1483 de
536 1417 668 1504 Hedley
689 1418 778 1502 petit
798 1439 916 1484 versus
935 1417 1119 1504 Hugouem
1134 1418 1176 1485 de
1192 1417 1335 1504 Hedley,
1351 1418 1419 1482 trin

267 1507 452 1590 mesuagiu,
476 1505 653 1571 duodecim
679 1526 774 1570 amus
797 1509 906 1586 terrae,
934 1510 969 1570 et
993 1506 1077 1570 dune
1104 1526 1200 1571 uerae
1225 1505 1318 1591 preti
1343 1527 1420 1571 cum

266 1592 484 1679 pertinentiis
518 1592 556 1657 in
594 1592 849 1673 Stentordhnm‚
880 1596 921 1657 ut
946 1593 1003 1678 jus
1031 1614 1129 1657 enum
1159 1613 1220 1678 per
1249 1594 1348 1658 breve
1378 1594 1420 1658 de

267 1683 434 1765 ingressu.
480 1680 526 1743 Et
551 1679 655 1765 Hugo
678 1679 784 1760 venit,
811 1685 846 1747 et
870 1679 955 1744 dicit
980 1681 1071 1765 quod
1097 1701 1167 1745 uon
1196 1683 1312 1766 potest
1340 1680 1420 1748 inde

266 1769 478 1852 respondere,
494 1767 575 1851 quie
589 1767 673 1832 dicit
689 1768 778 1850 quod
789 1788 857 1832 non
866 1771 965 1832 tenet
975 1767 1174 1853 praedictum
1185 1770 1419 1832 tenementum

268 1877 330 1921 nec
353 1854 466 1920 tenuit
489 1855 543 1919 die
566 1876 632 1939 quo
654 1855 727 1941 ipse
749 1855 849 1920 breve
872 1875 972 1918 suum
987 1854 1183 1940 impetrarit
1198 1875 1314 1918 versus
1330 1875 1418 1919 eum.

268 1943 314 2006 Et
337 1942 378 2008 de
401 1943 464 2007 hoe
485 1943 583 2027 ponit
606 1961 641 2006 se
664 1962 766 2027 super
785 1941 943 2025 petriam,
959 1947 994 2006 et
1009 1942 1093 2007 bene
1116 1940 1270 2008 concedit
1285 1941 1419 2026 quodsi

268 2029 489 2093 convineatur
503 2050 563 2113 per
577 2028 725 2113 petrium
740 2028 830 2113 quod
845 2029 918 2114 ipse
932 2029 1082 2093 tenuerit
1104 2028 1304 2112 prmdietum
1325 2032 1420 2094 tene-

268 2122 420 2180 mentum
447 2116 592 2200 dieque
616 2116 796 2201 praedietus
821 2117 933 2180 Adum
960 2115 1058 2181 breve
1086 2137 1186 2180 suum
1211 2116 1418 2202 impetravit,

269 2203 409 2282 seilicet,
436 2202 541 2288 xxviij
569 2203 624 2270 die
650 2202 809 2268 Jauuurii
835 2223 926 2267 anno
953 2202 1083 2267 domini
1098 2202 1203 2288 Regis
1219 2225 1311 2268 nuno
1325 2203 1422 2288 quin-

267 2292 463 2375 quagesimo
490 2291 649 2369 seeundo,
679 2289 770 2374 quod
799 2289 871 2374 ipse
902 2289 1012 2353 ddum
1041 2295 1217 2374 recuperet
1248 2291 1420 2375 seyeinam

269 2398 376 2457 suam,
391 2399 452 2462 per
468 2377 516 2442 eie
531 2378 619 2461 quod
635 2377 664 2441 ei
680 2377 902 2442 convineatur
916 2398 976 2462 per
996 2378 1145 2461 putrium
1159 2377 1249 2461 quod
1263 2378 1335 2464 ipse
1350 2399 1420 2442 non

268 2465 419 2528 tenuerit
449 2465 646 2550 praedictum
675 2467 911 2530 tenementum
940 2463 1101 2549 praedicto
1132 2465 1197 2544 die,
1227 2465 1318 2548 quod
1346 2464 1418 2549 ipse

268 2550 379 2615 Adam
405 2553 546 2616 amittat
571 2551 730 2615 elamium
759 2572 869 2615 suum.
915 2551 961 2614 Et
991 2551 1071 2635 quia
1098 2551 1279 2636 praedietus
1309 2551 1419 2616 Adam

267 2639 359 2703 visus
386 2643 439 2703 eet
463 2639 501 2701 in
527 2639 631 2718 ouria,
656 2642 691 2702 et
716 2642 768 2704 est
786 2638 879 2702 intra
893 2640 1040 2720 aetutem,
1057 2641 1092 2702 et
1113 2659 1183 2703 non
1197 2642 1314 2723 potest
1329 2660 1364 2704 se
1380 2639 1417 2702 in

266 2726 415 2809 uliquum
441 2725 592 2810 juratam
616 2745 753 2810 ponere,
783 2725 860 2790 ideo
890 2725 1025 2809 loquela
1054 2728 1229 2791 remaneat
1259 2726 1333 2791 sine
1364 2726 1419 2792 die

266 2833 373 2897 usque
389 2813 433 2877 ud
447 2815 594 2893 aetntem,
616 2817 681 2878 ete.

331 2933 502 3000 Henrieue
524 2934 566 2998 de
588 2932 751 3019 Ryhull',¹
767 2933 826 3017 qui
841 2933 925 2998 tulit
939 2933 1039 2999 breve
1055 2933 1096 3000 de
1112 2933 1288 3020 nuyvitute
1302 2955 1419 3000 versus

266 3020 377 3085 Adam
393 3021 434 3087 de
450 3020 612 3101 Questrik
635 3021 676 3085 de
697 3020 921 3101 Throunton',
945 3041 1015 3085 non
1038 3026 1092 3086 est
1115 3027 1325 3107 prosecutus,
1343 3022 1419 3088 ideo

266 3107 338 3192 ipse
354 3113 389 3172 et
403 3107 510 3192 plegii
525 3108 578 3172 sui
593 3108 634 3172 de
649 3107 882 3193 prosequendo
898 3107 934 3171 in
950 3108 1037 3188 mis',
1061 3109 1201 3190 scilieet,
1226 3108 1418 3174 Willelmue

267 3197 308 3260 de
323 3195 479 3261 Newton’
496 3199 532 3259 et
546 3195 569 3259 J
571 3195 723 3260 ohannes
739 3201 774 3258 et
791 3194 1016 3261 Gluntedoue.

333 3331 524 3396 Willelmue
549 3329 704 3417 comp?
730 3332 787 3414 qui
810 3330 894 3395 tulit
919 3330 1019 3397 breve
1043 3331 1163 3397 mortis
1194 3332 1418 3398 antecessoris

265 3440 382 3486 versus
397 3418 607 3483 Willelmum
623 3420 664 3482 de
680 3418 865 3504 Wuloynee
880 3418 921 3483 de
937 3419 1090 3484 manerio
1113 3419 1154 3483 de
1173 3419 1418 3501 Neuwenhum,

265 3529 334 3572 non
350 3511 403 3571 est
418 3511 628 3592 prosecutus,
645 3506 722 3572 ideo
737 3506 810 3590 ipse
825 3508 860 3571 et
875 3505 982 3591 plegii
997 3506 1050 3570 sui
1068 3507 1110 3571 de
1125 3508 1358 3591 prosequendo
1380 3508 1417 3571 in

265 3594 352 3675 mie',
370 3593 510 3674 scilieet,
525 3593 702 3657 Johnnnee
725 3593 766 3657 de
785 3592 1048 3678 Woderington'
1065 3597 1100 3657 et
1114 3593 1309 3660 Alexander
1330 3593 1419 3660 Prae-

264 3681 396 3766 positus
412 3681 454 3747 de
470 3680 597 3745 eadem.

330 3819 531 3904 Rndulphue
557 3818 647 3883 filius
672 3817 816 3885 Roberti
840 3818 873 3885 le
898 3818 1036 3884 Breton’
1067 3819 1108 3886 de
1137 3819 1301 3906 Morputh
1328 3821 1418 3906 petit

264 3927 379 3976 versus
394 3907 567 3992 Rogerum
581 3905 690 3969 filium
705 3905 833 3990 Rogeri
848 3904 994 3971 Mnudut
1016 3927 1124 3971 unum
1145 3907 1359 3992 mesuagium
1381 3912 1418 3974 et

264 4015 368 4058 unam
392 3998 586 4059 carucatam
609 3997 719 4074 terrm,
748 4013 825 4057 eum
850 3993 1079 4078 pertinentiis,
1095 3995 1134 4058 in
1148 3995 1353 4077 Erdesdone,
1376 3999 1418 4060 ut

264 4081 320 4165 jus
337 4102 436 4144 suum
450 4101 511 4166 per
525 4080 623 4145 breve
638 4079 680 4146 de
696 4082 782 4145 ιιο.8
825 4080 872 4144 Et
886 4081 1041 4166 Rogems
1056 4081 1160 4162 venit,
1177 4085 1213 4146 et
1228 4083 1313 4147 dicit
1329 4084 1419 4168 quod

298 4254 418 4320 ¹Henry
437 4255 469 4306 de
489 4254 589 4320 Ryhull
606 4253 814 4306 washeirtohis
896 4252 1042 4307 'william
1053 4255 1163 4321 Gomyu,
1174 4255 1305 4322 generally
1323 4257 1418 4310 known

263 4323 368 4374 brother
386 4321 498 4372 Riehrrd
512 4321 580 4388 (Cal.
600 4323 670 4382 Gen,
690 4320 717 4372 ii.
743 4323 813 4383 501).
864 4335 891 4371 m
912 4321 1029 4373 William
1048 4321 1148 4386 Oomyn
1170 4323 1198 4373 ol
1220 4323 1348 4387 Kilbride,
1368 4341 1419 4378 um

263 4389 381 4442 Beutriee
403 4389 462 4440 wife
486 4390 515 4440 ol
534 4389 628 4451 Heury
651 4389 681 4439 de
705 4387 813 4452 Ryhull,
863 4402 910 4438 mn
920 4389 971 4439 und
983 4389 1041 4439 heir
1051 4389 1079 4438 ol
1090 4388 1199 4440 Imbellr
1214 4389 1351 4456 Valoynee.

263 4457 337 4510 John
358 4455 428 4508 their
454 4469 501 4508 eon
527 4454 579 4506 und
598 4454 655 4507 heir
676 4455 764 4518 (M,
785 4454 813 4507 ii.
896 4451 907 4484 ¹
936 4455 983 4507 See
1004 4455 1149 4521 Appendix,
1182 4457 1245 4507 mor
1274 4459 1306 4519 qs
1333 4459 1418 4524 Ilm,

262 4523 333 4590 5³5).
617 4552 622 4563 ·
863 4522 1021 4584 Noritnmt„
1032 4523 1099 4576 Heu.
1111 4523 1178 4583 HL,
1190 4522 1241 4576 No.
1259 4527 1316 4578 169.

1614 2 1622 195 l
