3272 5092
371 553 967 616 sse1znnonn,ronrnuuannnarn‚
991 534 1009 600 7
1033 556 1120 602 nnw.
1143 556 1169 603 1.
1291 535 1353 600 253
1481 576 1484 582 -

204 710 335 791 tenent,
377 709 435 794 qui
465 709 617 790 veniunt,
655 712 691 777 et
719 709 874 796 Rogems
911 710 1021 796 quoad
1050 710 1190 776 tertiam
1221 713 1354 796 partem

203 799 475 862 tenementorum
504 818 619 863 versus
656 819 734 863 eum
770 797 915 881 petitam
952 797 1037 863 dicit
1073 799 1163 883 quod
1202 792 1354 884 quaedam

205 882 342 965 Oecilia,
358 905 431 970 quae
446 885 516 949 fuit
532 905 617 949 uxor
630 884 796 949 Willelmi
818 884 881 947 filii
903 884 1077 970 Radulphi
1101 889 1136 951 et
1155 887 1254 951 modo
1269 907 1355 950 uxor

204 971 382 1056 cujusdam
406 970 571 1038 Willelmi
598 971 752 1049 Russel’‚1
783 971 853 1036 fuit
881 971 962 1038 inde
985 973 1114 1053 dotata,
1138 976 1173 1038 et
1195 975 1281 1058 ipsa,
1306 974 1355 1038 sic

205 1059 335 1139 dotata,
351 1059 482 1124 dimisit
497 1059 529 1123 ei
543 1058 738 1144 praedictam
755 1059 894 1123 tertiam
908 1063 1050 1144 partem,
1071 1061 1258 1126 tenendum
1281 1065 1356 1126 tota

204 1145 276 1211 vita
296 1146 403 1232 ipsius
426 1146 559 1212 eeeiliae
582 1146 654 1213 sine
676 1167 745 1230 qua
766 1167 835 1211 non
859 1149 971 1230 potest
987 1168 1057 1212 rem
1072 1147 1176 1212 istam
1191 1148 1355 1213 deducere

204 1233 242 1298 in
256 1232 432 1318 judicium.
478 1235 523 1298 Et
537 1237 741 1319 preceptum
756 1233 826 1297 fuit
840 1233 1030 1299 vicecomiti
1046 1235 1134 1319 quod
1150 1235 1356 1301 summoniat

204 1321 382 1406 praedictos
403 1321 611 1386 Willelmum
633 1325 669 1385 et
690 1320 850 1386 Oeciliam
875 1321 963 1404 quod
986 1325 1099 1387 essent
1120 1322 1187 1402 hic,
1211 1328 1288 1402 etc,
1312 1322 1355 1387 ed

203 1408 477 1494 respondendum
514 1407 614 1473 simul
652 1430 727 1474 cum
765 1408 926 1492 praedicto
970 1409 1112 1494 Rogero.
1172 1409 1219 1474 Et
1255 1410 1355 1474 modo

205 1495 348 1560 veniunt
363 1495 515 1581 praedicti
530 1494 722 1561 Willelmus
743 1499 779 1559 et
794 1495 931 1573 Oecilia,
946 1517 1007 1580 per
1022 1500 1232 1561 attornatum
1248 1496 1355 1581 ipsius

206 1582 350 1660 (leciliae,
361 1585 397 1647 et
411 1583 531 1647 dicunt
546 1583 637 1666 quod
651 1581 717 1668 ipsi
733 1580 840 1647 nichil
855 1582 1005 1648 clamant
1020 1585 1057 1646 in
1071 1584 1234 1668 praedicta
1247 1587 1355 1670 parte,

204 1669 272 1734 nisi
297 1669 434 1734 nomine
458 1669 548 1735 dotis
575 1669 682 1754 ipsius
706 1668 847 1748 Ceciliae,
872 1674 907 1735 et
930 1671 1049 1735 dicunt
1070 1671 1160 1754 quod
1174 1671 1355 1756 praedictus

204 1756 362 1837 Thomas,
379 1757 420 1824 de
436 1756 534 1841 cujus
550 1762 670 1833 morte,
694 1769 771 1836 eta,
794 1755 939 1821 feofavit
961 1757 1160 1842 praedictum
1183 1758 1355 1844 Rogerum

205 1845 247 1909 de
262 1844 436 1930 praedictis
447 1843 664 1909 tenementis.
709 1844 755 1908 Et
771 1842 890 1908 dicunt
905 1845 994 1928 quod
1010 1849 1091 1911 ante
1105 1845 1356 1911 tentamentum

205 1931 416 2017 praedictum,
442 1931 558 1996 eadem
583 1930 709 1996 (lecilia
732 1930 881 1995 reddidit
903 1932 1099 2016 praedictam
1121 1933 1236 1998 dotem
1259 1955 1355 1997 suam

205 2019 242 2083 in
257 2041 397 2102 manuni
412 2018 519 2104 ipsius
539 2018 685 2097 Thomna,
708 2020 744 2084 et
766 2017 855 2101 quod
876 2018 965 2082 idem
986 2019 1152 2104 Rogems,
1177 2024 1356 2105 postquam

204 2105 284 2171 inde
298 2105 369 2170 fuit
384 2106 420 2169 in
436 2105 580 2190 seysina,
598 2105 747 2169 reddidit
758 2105 866 2171 eidem
882 2105 1015 2171 Ceciliae
1029 2108 1224 2191 praedictam
1242 2109 1354 2174 dotem

205 2215 302 2259 suam
313 2193 403 2258 unde
418 2195 541 2278 petunt
556 2193 645 2276 quod
656 2192 814 2276 quicquid
830 2193 1010 2277 contingat
1025 2194 1067 2259 de
1082 2194 1190 2260 assisa
1205 2195 1272 2260 ista
1288 2216 1356 2259 non

204 2280 446 2366 praejudicetur
472 2279 521 2344 eis
546 2280 588 2344 de
615 2281 693 2344 dote
717 2278 824 2364 ipsius
849 2278 994 2360 Oeciliae,
1021 2285 1083 2345 etc.
1129 2283 1175 2345 Et
1201 2283 1356 2367 Rogerus

205 2368 295 2453 petit
321 2367 410 2452 quod
437 2366 625 2451 recognitio
651 2366 888 2451 praedictorum
917 2367 1078 2432 Willelmi
1105 2372 1140 2433 et
1166 2368 1299 2434 Ceciliae
1325 2369 1357 2436 ei

206 2476 274 2520 non
295 2454 533 2540 praejudicetur
556 2454 597 2520 de
619 2453 720 2519 feodo
742 2453 911 2538 praedictae
934 2455 1033 2536 dotis,
1057 2455 1138 2539 quia
1160 2457 1244 2522 dicit
1266 2457 1356 2540 quod

206 2542 277 2627 ipse
308 2545 361 2607 est
390 2544 562 2605 worardus
593 2540 681 2605 dotis
712 2540 814 2618 illius,
847 2543 911 2606 etc.
966 2543 1012 2605 Et
1042 2543 1146 2629 Hugo
1170 2548 1206 2609 et
1231 2543 1357 2610 Oecilia

205 2632 331 2731 petunt
353 2627 519 2714 judicium
542 2627 675 2694 deeicut
696 2627 878 2712 praedictus
900 2628 1054 2713 Rogems
1078 2631 1173 2714 prius
1198 2631 1358 2716 cognovit

205 2739 242 2780 1n
266 2717 359 2781 curia
385 2717 453 2781 ista
477 2716 566 2799 quod
589 2715 662 2800 ipse
687 2714 793 2779 nichil
819 2715 978 2780 clamavit
1003 2715 1039 2779 in
1064 2718 1226 2802 praedicta
1253 2718 1357 2782 tertia

205 2807 313 2889 parte,
337 2803 404 2867 nisi
426 2824 468 2866 ex
490 2803 687 2867 dimissione
710 2802 878 2886 praedictae
901 2801 1044 2884 Oeciliae,
1068 2805 1183 2869 uxoris
1203 2805 1357 2890 praedicti

206 2890 381 2970 Willelmi,
404 2889 448 2954 ad
470 2889 655 2955 terminum
679 2888 757 2954 vitae
781 2888 888 2973 ipsius
913 2889 1046 2954 Oeciliee
1070 2891 1099 2955 si
1124 2893 1223 2956 modo
1248 2893 1358 2976 possit

205 2977 364 3043 resortire
390 2977 434 3041 ad
457 2976 673 3042 clamandum
694 2975 832 3042 feodum
856 2976 892 3039 in
915 2976 1075 3061 praedicta
1097 2979 1187 3045 dote.
1233 2979 1358 3045 Postea

207 3064 403 3132 concordati
425 3069 517 3128 sunt.
562 3064 610 3127 Et
631 3063 785 3148 Rogerus
807 3062 898 3128 filius
922 3063 1085 3128 Willelmi
1108 3071 1144 3129 et
1166 3066 1357 3132 Willelmus

206 3153 296 3217 filius
319 3150 485 3215 Willelmi
508 3151 593 3215 dant
616 3150 790 3215 dimidiam
806 3150 849 3213 m'
864 3171 926 3235 pro
941 3150 1091 3216 licentia.
1137 3153 1183 3216 Et
1208 3154 1358 3220 habeant

206 3239 466 3325 cyrographum,
500 3241 564 3304 etc.
621 3238 665 3301 Et
695 3237 784 3302 idem
808 3238 962 3321 Rogerus
986 3240 1098 3322 quoad
1128 3239 1212 3305 duas
1242 3246 1356 3325 partes

205 3327 443 3412 praedictorum
466 3327 749 3404 tenementorum,
772 3345 887 3390 versus
903 3345 979 3389 eum
996 3327 1133 3410 petitas,
1151 3327 1258 3392 nichil
1273 3329 1358 3393 dicit

227 3435 308 3480 nare
323 3413 431 3478 assisa
445 3415 619 3478 remaneat
634 3411 698 3476 nisi
717 3415 852 3475 tantum
868 3413 958 3496 quod
973 3413 1058 3478 dicit
1074 3416 1162 3498 quod
1177 3416 1357 3498 praedictus

204 3437 364 3580 ihomas,
387 3501 430 3564 de
452 3497 550 3583 eujus
573 3503 693 3577 morte,
717 3502 792 3578 etc,
816 3519 885 3562 non
907 3499 992 3565 obiit
1008 3501 1153 3586 seysitus
1169 3502 1260 3582 inde,
1276 3502 1358 3586 quia

205 3589 291 3654 dicit
320 3588 409 3672 quod
439 3587 528 3650 idem
551 3586 699 3651 Thomas
721 3584 942 3669 perlongum
965 3590 1100 3672 tempus
1117 3594 1197 3652 ante
1214 3596 1357 3654 mortem

206 3697 302 3741 suam
337 3675 449 3759 ipsum
476 3673 517 3740 de
544 3673 671 3738 eisdem
696 3673 901 3738 tenementis
931 3673 1087 3740 leofavit.
1146 3676 1192 3740 Et
1221 3677 1262 3742 de
1294 3678 1358 3742 hoc

204 3763 353 3848 penitae
369 3781 469 3846 super
485 3760 636 3839 assisam,
652 3763 717 3826 etc.
756 3759 802 3822 nt
816 3759 968 3843 praedicti
984 3761 1159 3828 Johannes
1175 3766 1210 3828 et
1225 3763 1358 3829 Willel-

207 3871 282 3914 mus
312 3848 423 3933 quoad
466 3847 605 3914 tertiam
642 3851 773 3932 partem
818 3851 1090 3914 tenementorum
1137 3871 1253 3914 versus
1301 3872 1358 3916 eos

206 3933 362 4024 petitamss
378 3935 462 4000 aliae
479 3935 638 3999 dixerunt
655 3934 744 4018 quod
759 3932 825 4018 ipsi
847 3937 1034 4000 tenuerunt
1056 3937 1197 4002 eandem
1221 3938 1359 4002 tertiam

205 4027 337 4110 partem
362 4044 402 4088 ex
431 4021 627 4086 dimissione
652 4021 826 4105 cujusdam
852 4020 1030 4103 Johannae,
1052 4024 1221 4106 quondam
1244 4025 1359 4090 uxoris

206 4110 359 4197 praedicti
382 4109 527 4185 Thomae,
552 4108 593 4172 de
615 4107 713 4192 cujus
730 4113 848 4187 morte,
865 4113 943 4188 etc,
960 4114 995 4174 et
1011 4132 1102 4176 nunc
1118 4112 1232 4176 uxoris
1248 4113 1358 4197 cujus·

206 4199 286 4263 dam
300 4195 440 4262 Ricardi
456 4196 497 4260 de
513 4194 710 4279 Ohesewyk,
727 4194 800 4258 sine
819 4195 941 4278 quibus
964 4218 1031 4260 non
1055 4202 1242 4282 potuerunt
1265 4198 1359 4263 illam

205 4285 345 4353 tertiam
360 4289 493 4369 partem
509 4283 673 4348 deducere
688 4281 725 4344 in
740 4281 918 4367 judicium,
935 4286 999 4348 etc.
1046 4285 1091 4348 Et
1102 4286 1202 4350 modo
1218 4286 1361 4351 veniunt

240 4459 385 4511 ¹Willism
413 4458 444 4510 de
472 4457 564 4508 Russcl
586 4456 698 4508 assessed
721 4473 754 4508 on
805 4455 956 4522 Subsidyin
974 4461 1008 4510 24
1024 4459 1096 4511 Edw.
1114 4459 1137 4510 I.
1156 4459 1225 4526 (lay
1244 4461 1361 4528 Satsidy,

205 4527 282 4597 gcods
293 4526 321 4578 in
332 4523 508 4592 Newbigging
521 4523 573 4575 and
589 4521 696 4576 thdon
714 4523 756 4577 for
806 4525 903 4584 158-1).
