<?xml version="1.0" encoding="UTF-8"?>
<!DOCTYPE html PUBLIC "-//W3C//DTD XHTML 1.0 Transitional//EN"
    "http://www.w3.org/TR/xhtml1/DTD/xhtml1-transitional.dtd">
<html xmlns="http://www.w3.org/1999/xhtml" xml:lang="en" lang="en">
 <head>
  <title>
</title>
<meta http-equiv="Content-Type" content="text/html;charset=utf-8" />
  <meta name='ocr-system' content='tesseract 3.04.00' />
  <meta name='ocr-capabilities' content='ocr_page ocr_carea ocr_par ocr_line ocrx_word'/>
</head>
<body>
  <div class='ocr_page' id='page_1' title='image "./threeearlyassiz01pagegoog_0158.png"; bbox 0 0 3278 5104; ppageno 0'>
   <div class='ocr_carea' id='block_1_1' title="bbox 262 527 1261 611">
    <p class='ocr_par' dir='ltr' id='par_1_1' title="bbox 262 527 1261 611">
     <span class='ocr_line' id='line_1_1' title="bbox 262 527 1261 611; baseline -0.008 -12"><span class='ocrx_word' id='word_1_1' title='bbox 262 535 329 600; x_wconf 85' lang='grc'><strong>126</strong></span> <span class='ocrx_word' id='word_1_2' title='bbox 408 551 523 598; x_wconf 76' lang='lat' dir='ltr'><strong>rssrar</strong></span> <span class='ocrx_word' id='word_1_3' title='bbox 546 550 648 611; x_wconf 78' lang='lat' dir='ltr'><strong>aona,</strong></span> <span class='ocrx_word' id='word_1_4' title='bbox 672 547 1012 608; x_wconf 78' lang='lat' dir='ltr'><strong>worrnumamn,</strong></span> <span class='ocrx_word' id='word_1_5' title='bbox 1034 527 1078 592; x_wconf 80' lang='lat'><strong>40</strong></span> <span class='ocrx_word' id='word_1_6' title='bbox 1100 547 1182 592; x_wconf 71' lang='lat' dir='ltr'><strong>aar.</strong></span> <span class='ocrx_word' id='word_1_7' title='bbox 1207 546 1261 592; x_wconf 88' lang='lat'>111.</span> 
     </span>
    </p>
   </div>
   <div class='ocr_carea' id='block_1_2' title="bbox 264 699 1416 1048">
    <p class='ocr_par' dir='ltr' id='par_1_2' title="bbox 264 699 1416 1048">
     <span class='ocr_line' id='line_1_2' title="bbox 264 699 1416 793; baseline -0.008 -19"><span class='ocrx_word' id='word_1_8' title='bbox 264 709 393 774; x_wconf 86' lang='lat' dir='ltr'><strong>duntur</strong></span> <span class='ocrx_word' id='word_1_9' title='bbox 407 711 530 793; x_wconf 78' lang='lat' dir='ltr'><strong>praeter</strong></span> <span class='ocrx_word' id='word_1_10' title='bbox 551 705 750 792; x_wconf 79' lang='lat' dir='ltr'><strong>pradictum</strong></span> <span class='ocrx_word' id='word_1_11' title='bbox 772 702 958 768; x_wconf 73' lang='lat' dir='ltr'>Ricardum</span> <span class='ocrx_word' id='word_1_12' title='bbox 980 701 1115 782; x_wconf 90' lang='lat' dir='ltr'><strong>Homel,</strong></span> <span class='ocrx_word' id='word_1_13' title='bbox 1135 701 1211 767; x_wconf 86' lang='lat' dir='ltr'><strong>ideo</strong></span> <span class='ocrx_word' id='word_1_14' title='bbox 1234 699 1416 788; x_wconf 84' lang='lat' dir='ltr'><strong>exigantur</strong></span> 
     </span>
     <span class='ocr_line' id='line_1_3' title="bbox 264 789 1414 880; baseline -0.009 -18"><span class='ocrx_word' id='word_1_15' title='bbox 264 800 300 862; x_wconf 91' lang='lat' dir='ltr'><strong>et</strong></span> <span class='ocrx_word' id='word_1_16' title='bbox 320 796 528 880; x_wconf 86' lang='lat' dir='ltr'><strong>utlagentur.</strong></span> <span class='ocrx_word' id='word_1_17' title='bbox 586 791 720 860; x_wconf 81' lang='lat' dir='ltr'><strong>Catella</strong></span> <span class='ocrx_word' id='word_1_18' title='bbox 741 791 895 877; x_wconf 75' lang='lat' dir='ltr'><strong>predicti</strong></span> <span class='ocrx_word' id='word_1_19' title='bbox 918 789 1065 857; x_wconf 85' lang='lat' dir='ltr'><strong>Gilberti</strong></span> <span class='ocrx_word' id='word_1_20' title='bbox 1090 789 1141 876; x_wconf 86' lang='lat' dir='ltr'><strong>iiij</strong></span> <span class='ocrx_word' id='word_1_21' title='bbox 1155 789 1193 871; x_wconf 77' lang='grc' dir='ltr'><strong>ι’,</strong></span> <span class='ocrx_word' id='word_1_22' title='bbox 1217 789 1309 854; x_wconf 89' lang='lat' dir='ltr'><strong>unde</strong></span> <span class='ocrx_word' id='word_1_23' title='bbox 1328 789 1414 854; x_wconf 87' lang='lat' dir='ltr'><strong>vice·</strong></span> 
     </span>
     <span class='ocr_line' id='line_1_4' title="bbox 265 875 1416 960; baseline -0.009 -11"><span class='ocrx_word' id='word_1_24' title='bbox 265 904 376 949; x_wconf 89' lang='lat' dir='ltr'><strong>comes</strong></span> <span class='ocrx_word' id='word_1_25' title='bbox 406 903 460 948; x_wconf 88' lang='lat' dir='ltr'><strong>res</strong></span> <span class='ocrx_word' id='word_1_26' title='bbox 484 882 620 949; x_wconf 86' lang='lat' dir='ltr'><strong>ondeat.</strong></span> <span class='ocrx_word' id='word_1_27' title='bbox 675 880 721 944; x_wconf 81' lang='lat' dir='ltr'><strong>Et</strong></span> <span class='ocrx_word' id='word_1_28' title='bbox 751 879 810 944; x_wconf 88' lang='lat' dir='ltr'><strong>alii</strong></span> <span class='ocrx_word' id='word_1_29' title='bbox 836 877 931 942; x_wconf 89' lang='lat' dir='ltr'><strong>nulla</strong></span> <span class='ocrx_word' id='word_1_30' title='bbox 961 877 1155 944; x_wconf 90' lang='lat' dir='ltr'><strong>habuerunt</strong></span> <span class='ocrx_word' id='word_1_31' title='bbox 1181 876 1316 960; x_wconf 82' lang='lat' dir='ltr'><strong>catalla</strong></span> <span class='ocrx_word' id='word_1_32' title='bbox 1366 875 1416 958; x_wconf 74' lang='lat' dir='ltr'><strong>Et</strong></span> 
     </span>
     <span class='ocr_line' id='line_1_5' title="bbox 264 965 931 1048; baseline -0.009 -12"><span class='ocrx_word' id='word_1_33' title='bbox 264 970 431 1037; x_wconf 83' lang='lat' dir='ltr'><strong>Ricardus</strong></span> <span class='ocrx_word' id='word_1_34' title='bbox 485 968 573 1035; x_wconf 90' lang='lat' dir='ltr'><strong>omel</strong></span> <span class='ocrx_word' id='word_1_35' title='bbox 587 967 716 1048; x_wconf 87' lang='lat' dir='ltr'><strong>redeat,</strong></span> <span class='ocrx_word' id='word_1_36' title='bbox 732 967 762 1032; x_wconf 88' lang='lat' dir='ltr'><strong>si</strong></span> <span class='ocrx_word' id='word_1_37' title='bbox 777 965 931 1032; x_wconf 89' lang='lat' dir='ltr'><strong>voluerit.</strong></span> 
     </span>
    </p>
   </div>
   <div class='ocr_carea' id='block_1_3' title="bbox 331 1047 1418 1171">
    <p class='ocr_par' dir='ltr' id='par_1_3' title="bbox 331 1047 1418 1171">
     <span class='ocr_line' id='line_1_6' title="bbox 331 1047 1418 1171; baseline -0.006 -15"><span class='ocrx_word' id='word_1_38' title='bbox 331 1091 440 1156; x_wconf 85' lang='lat' dir='ltr'><strong>Adam</strong></span> <span class='ocrx_word' id='word_1_39' title='bbox 469 1093 572 1156; x_wconf 89' lang='lat' dir='ltr'><strong>Sutor</strong></span> <span class='ocrx_word' id='word_1_40' title='bbox 591 1088 796 1155; x_wconf 82' lang='lat' dir='ltr'><strong>deKnrbam</strong></span> <span class='ocrx_word' id='word_1_41' title='bbox 816 1086 1009 1152; x_wconf 86' lang='lat' dir='ltr'><strong>vulneravit</strong></span> <span class='ocrx_word' id='word_1_42' title='bbox 1023 1085 1242 1171; x_wconf 85' lang='lat' dir='ltr'><strong>Radulphum</strong></span> <span class='ocrx_word' id='word_1_43' title='bbox 1258 1047 1418 1151; x_wconf 84' lang='lat' dir='ltr'><strong>Sutorem</strong></span> 
     </span>
    </p>
   </div>
   <div class='ocr_carea' id='block_1_4' title="bbox 265 1172 1418 1609">
    <p class='ocr_par' dir='ltr' id='par_1_4' title="bbox 265 1172 1418 1609">
     <span class='ocr_line' id='line_1_7' title="bbox 265 1172 1417 1262; baseline -0.005 -18"><span class='ocrx_word' id='word_1_44' title='bbox 265 1179 307 1245; x_wconf 83' lang='lat' dir='ltr'><strong>&lt;ie</strong></span> <span class='ocrx_word' id='word_1_45' title='bbox 333 1178 441 1243; x_wconf 85' lang='lat' dir='ltr'><strong>Werk</strong></span> <span class='ocrx_word' id='word_1_46' title='bbox 467 1178 613 1262; x_wconf 85' lang='lat' dir='ltr'><strong>quadam</strong></span> <span class='ocrx_word' id='word_1_47' title='bbox 639 1174 763 1241; x_wconf 88' lang='lat' dir='ltr'><strong>hacbia</strong></span> <span class='ocrx_word' id='word_1_48' title='bbox 785 1175 823 1239; x_wconf 94' lang='lat' dir='ltr'><strong>in</strong></span> <span class='ocrx_word' id='word_1_49' title='bbox 845 1173 966 1258; x_wconf 88' lang='lat' dir='ltr'><strong>capite,</strong></span> <span class='ocrx_word' id='word_1_50' title='bbox 982 1174 1033 1239; x_wconf 81' lang='lat' dir='ltr'><strong>ita</strong></span> <span class='ocrx_word' id='word_1_51' title='bbox 1052 1174 1143 1258; x_wconf 87' lang='lat' dir='ltr'><strong>qnod</strong></span> <span class='ocrx_word' id='word_1_52' title='bbox 1161 1172 1279 1239; x_wconf 87' lang='lat' dir='ltr'><strong>statim</strong></span> <span class='ocrx_word' id='word_1_53' title='bbox 1298 1175 1417 1258; x_wconf 78' lang='lat' dir='ltr'><strong>postea</strong></span> 
     </span>
     <span class='ocr_line' id='line_1_8' title="bbox 265 1260 1417 1348; baseline -0.007 -16"><span class='ocrx_word' id='word_1_54' title='bbox 265 1267 346 1332; x_wconf 89' lang='lat' dir='ltr'><strong>inde</strong></span> <span class='ocrx_word' id='word_1_55' title='bbox 372 1265 469 1332; x_wconf 86' lang='lat' dir='ltr'><strong>obiit.</strong></span> <span class='ocrx_word' id='word_1_56' title='bbox 525 1265 571 1329; x_wconf 82' lang='lat' dir='ltr'><strong>Et</strong></span> <span class='ocrx_word' id='word_1_57' title='bbox 596 1264 706 1328; x_wconf 84' lang='lat' dir='ltr'><strong>Adam</strong></span> <span class='ocrx_word' id='word_1_58' title='bbox 733 1263 850 1328; x_wconf 85' lang='lat' dir='ltr'><strong>statim</strong></span> <span class='ocrx_word' id='word_1_59' title='bbox 881 1261 975 1348; x_wconf 84' lang='lat' dir='ltr'><strong>fugit</strong></span> <span class='ocrx_word' id='word_1_60' title='bbox 1004 1265 1039 1328; x_wconf 85' lang='lat' dir='ltr'><strong>et</strong></span> <span class='ocrx_word' id='word_1_61' title='bbox 1067 1260 1315 1341; x_wconf 87' lang='lat' dir='ltr'><strong>malecreditnr‚</strong></span> <span class='ocrx_word' id='word_1_62' title='bbox 1341 1260 1417 1324; x_wconf 86' lang='lat' dir='ltr'><strong>ideo</strong></span> 
     </span>
     <span class='ocr_line' id='line_1_9' title="bbox 266 1347 1418 1439; baseline -0.006 -20"><span class='ocrx_word' id='word_1_63' title='bbox 266 1353 424 1439; x_wconf 75' lang='lat' dir='ltr'><strong>exigatur</strong></span> <span class='ocrx_word' id='word_1_64' title='bbox 440 1365 474 1419; x_wconf 86' lang='lat' dir='ltr'><strong>et</strong></span> <span class='ocrx_word' id='word_1_65' title='bbox 489 1351 674 1437; x_wconf 85' lang='lat' dir='ltr'><strong>utlagetur.</strong></span> <span class='ocrx_word' id='word_1_66' title='bbox 720 1349 826 1414; x_wconf 88' lang='lat' dir='ltr'><strong>Nulla</strong></span> <span class='ocrx_word' id='word_1_67' title='bbox 847 1348 970 1414; x_wconf 79' lang='lat' dir='ltr'><strong>habuit</strong></span> <span class='ocrx_word' id='word_1_68' title='bbox 989 1348 1124 1415; x_wconf 86' lang='lat' dir='ltr'><strong>catalla.</strong></span> <span class='ocrx_word' id='word_1_69' title='bbox 1170 1349 1216 1412; x_wconf 81' lang='lat' dir='ltr'><strong>Et</strong></span> <span class='ocrx_word' id='word_1_70' title='bbox 1232 1347 1358 1413; x_wconf 79' lang='lat' dir='ltr'><strong>villata</strong></span> <span class='ocrx_word' id='word_1_71' title='bbox 1376 1347 1418 1412; x_wconf 84' lang='lat' dir='ltr'><strong>de</strong></span> 
     </span>
     <span class='ocr_line' id='line_1_10' title="bbox 268 1434 1418 1521; baseline -0.006 -15"><span class='ocrx_word' id='word_1_72' title='bbox 268 1442 477 1521; x_wconf 86' lang='lat' dir='ltr'><strong>Levermue,¹</strong></span> <span class='ocrx_word' id='word_1_73' title='bbox 504 1438 666 1518; x_wconf 89' lang='lat' dir='ltr'><strong>Mindru&#39;,</strong></span> <span class='ocrx_word' id='word_1_74' title='bbox 694 1441 730 1503; x_wconf 90' lang='lat' dir='ltr'><strong>et</strong></span> <span class='ocrx_word' id='word_1_75' title='bbox 759 1435 925 1503; x_wconf 89' lang='lat' dir='ltr'><strong>Menlawe</strong></span> <span class='ocrx_word' id='word_1_76' title='bbox 957 1435 1216 1502; x_wconf 88' lang='lat' dir='ltr'><strong>concelaverunt</strong></span> <span class='ocrx_word' id='word_1_77' title='bbox 1249 1434 1418 1520; x_wconf 76' lang='lat' dir='ltr'>loquelam</span> 
     </span>
     <span class='ocr_line' id='line_1_11' title="bbox 273 1524 678 1609; baseline -0.005 -15"><span class='ocrx_word' id='word_1_78' title='bbox 273 1528 389 1609; x_wconf 91' lang='lat' dir='ltr'><strong>istam,</strong></span> <span class='ocrx_word' id='word_1_79' title='bbox 404 1527 481 1594; x_wconf 88' lang='lat' dir='ltr'><strong>ideo</strong></span> <span class='ocrx_word' id='word_1_80' title='bbox 496 1526 576 1591; x_wconf 87' lang='lat' dir='ltr'><strong>inde</strong></span> <span class='ocrx_word' id='word_1_81' title='bbox 592 1524 678 1592; x_wconf 88' lang='lat' dir='ltr'><strong>mis’.</strong></span> 
     </span>
    </p>
   </div>
   <div class='ocr_carea' id='block_1_5' title="bbox 267 1643 1421 2262">
    <p class='ocr_par' dir='ltr' id='par_1_5' title="bbox 267 1643 1421 2262">
     <span class='ocr_line' id='line_1_12' title="bbox 332 1643 1418 1740; baseline -0.007 -18"><span class='ocrx_word' id='word_1_82' title='bbox 332 1657 509 1722; x_wconf 73' lang='lat' dir='ltr'><strong>iuratores</strong></span> <span class='ocrx_word' id='word_1_83' title='bbox 523 1656 731 1740; x_wconf 74' lang='lat' dir='ltr'><strong>praesentant</strong></span> <span class='ocrx_word' id='word_1_84' title='bbox 747 1652 836 1738; x_wconf 87' lang='lat' dir='ltr'><strong>quod</strong></span> <span class='ocrx_word' id='word_1_85' title='bbox 852 1653 919 1718; x_wconf 90' lang='lat' dir='ltr'><strong>duo</strong></span> <span class='ocrx_word' id='word_1_86' title='bbox 931 1650 1063 1719; x_wconf 73' lang='lat' dir='ltr'><strong>cacubi²</strong></span> <span class='ocrx_word' id='word_1_87' title='bbox 1080 1652 1212 1718; x_wconf 87' lang='lat' dir='ltr'><strong>inventi</strong></span> <span class='ocrx_word' id='word_1_88' title='bbox 1225 1643 1366 1718; x_wconf 81' lang='lat' dir='ltr'><strong>inerunt</strong></span> <span class='ocrx_word' id='word_1_89' title='bbox 1381 1652 1418 1715; x_wconf 90' lang='lat' dir='ltr'><strong>in</strong></span> 
     </span>
     <span class='ocr_line' id='line_1_13' title="bbox 268 1739 1419 1829; baseline -0.007 -18"><span class='ocrx_word' id='word_1_90' title='bbox 268 1765 386 1829; x_wconf 89' lang='lat' dir='ltr'><strong>campo</strong></span> <span class='ocrx_word' id='word_1_91' title='bbox 407 1745 506 1809; x_wconf 86' lang='lat' dir='ltr'><strong>extra</strong></span> <span class='ocrx_word' id='word_1_92' title='bbox 530 1741 643 1808; x_wconf 89' lang='lat' dir='ltr'><strong>villam</strong></span> <span class='ocrx_word' id='word_1_93' title='bbox 669 1742 710 1806; x_wconf 86' lang='lat' dir='ltr'><strong>de</strong></span> <span class='ocrx_word' id='word_1_94' title='bbox 736 1740 960 1822; x_wconf 78' lang='lat' dir='ltr'><strong>Tholkestor’,</strong></span> <span class='ocrx_word' id='word_1_95' title='bbox 977 1743 1012 1807; x_wconf 90' lang='lat' dir='ltr'><strong>et</strong></span> <span class='ocrx_word' id='word_1_96' title='bbox 1033 1740 1143 1806; x_wconf 86' lang='lat' dir='ltr'><strong>multa</strong></span> <span class='ocrx_word' id='word_1_97' title='bbox 1163 1741 1253 1806; x_wconf 89' lang='lat' dir='ltr'><strong>bona</strong></span> <span class='ocrx_word' id='word_1_98' title='bbox 1279 1739 1419 1804; x_wconf 86' lang='lat' dir='ltr'><strong>inventa</strong></span> 
     </span>
     <span class='ocr_line' id='line_1_14' title="bbox 267 1827 1419 1913; baseline -0.006 -15"><span class='ocrx_word' id='word_1_99' title='bbox 267 1832 410 1898; x_wconf 86' lang='lat' dir='ltr'><strong>fuerunt</strong></span> <span class='ocrx_word' id='word_1_100' title='bbox 432 1829 469 1894; x_wconf 90' lang='lat' dir='ltr'><strong>in</strong></span> <span class='ocrx_word' id='word_1_101' title='bbox 498 1829 635 1910; x_wconf 88' lang='lat' dir='ltr'><strong>eisdem,</strong></span> <span class='ocrx_word' id='word_1_102' title='bbox 661 1832 714 1894; x_wconf 86' lang='lat' dir='ltr'><strong>set</strong></span> <span class='ocrx_word' id='word_1_103' title='bbox 744 1829 902 1893; x_wconf 85' lang='lat' dir='ltr'><strong>nesciunt</strong></span> <span class='ocrx_word' id='word_1_104' title='bbox 927 1849 1001 1912; x_wconf 78' lang='lat' dir='ltr'><strong>qua</strong></span> <span class='ocrx_word' id='word_1_105' title='bbox 1026 1827 1117 1892; x_wconf 91' lang='lat' dir='ltr'><strong>bona</strong></span> <span class='ocrx_word' id='word_1_106' title='bbox 1146 1849 1209 1894; x_wconf 87' lang='lat' dir='ltr'><strong>nec</strong></span> <span class='ocrx_word' id='word_1_107' title='bbox 1238 1827 1419 1913; x_wconf 82' lang='lat' dir='ltr'><strong>cujusdam</strong></span> 
     </span>
     <span class='ocr_line' id='line_1_15' title="bbox 268 1914 1419 2000; baseline -0.004 -16"><span class='ocrx_word' id='word_1_108' title='bbox 268 1917 432 1984; x_wconf 87' lang='lat' dir='ltr'><strong>thesauri.</strong></span> <span class='ocrx_word' id='word_1_109' title='bbox 477 1917 524 1981; x_wconf 79' lang='lat' dir='ltr'><strong>Et</strong></span> <span class='ocrx_word' id='word_1_110' title='bbox 538 1917 657 1982; x_wconf 86' lang='lat' dir='ltr'><strong>dicunt</strong></span> <span class='ocrx_word' id='word_1_111' title='bbox 672 1915 763 2000; x_wconf 84' lang='lat' dir='ltr'><strong>quod</strong></span> <span class='ocrx_word' id='word_1_112' title='bbox 779 1915 896 1980; x_wconf 82' lang='lat' dir='ltr'><strong>Simon</strong></span> <span class='ocrx_word' id='word_1_113' title='bbox 905 1915 995 1980; x_wconf 86' lang='lat' dir='ltr'><strong>filius</strong></span> <span class='ocrx_word' id='word_1_114' title='bbox 1011 1914 1183 1980; x_wconf 81' lang='lat' dir='ltr'><strong>Folentini</strong></span> <span class='ocrx_word' id='word_1_115' title='bbox 1198 1917 1234 1980; x_wconf 88' lang='lat' dir='ltr'><strong>et</strong></span> <span class='ocrx_word' id='word_1_116' title='bbox 1248 1915 1419 1980; x_wconf 85' lang='lat' dir='ltr'><strong>Robertus</strong></span> 
     </span>
     <span class='ocr_line' id='line_1_16' title="bbox 268 2002 1419 2089; baseline -0.005 -17"><span class='ocrx_word' id='word_1_117' title='bbox 268 2006 385 2072; x_wconf 89' lang='lat' dir='ltr'><strong>Brand</strong></span> <span class='ocrx_word' id='word_1_118' title='bbox 404 2005 545 2070; x_wconf 82' lang='lat' dir='ltr'><strong>fuerunt</strong></span> <span class='ocrx_word' id='word_1_119' title='bbox 564 2003 758 2068; x_wconf 73' lang='lat' dir='ltr'><strong>inventores</strong></span> <span class='ocrx_word' id='word_1_120' title='bbox 779 2003 934 2087; x_wconf 86' lang='lat' dir='ltr'><strong>ejusdem</strong></span> <span class='ocrx_word' id='word_1_121' title='bbox 957 2003 1110 2068; x_wconf 74' lang='lat' dir='ltr'><strong>thesauri</strong></span> <span class='ocrx_word' id='word_1_122' title='bbox 1134 2003 1207 2089; x_wconf 83' lang='lat' dir='ltr'><strong>jam</strong></span> <span class='ocrx_word' id='word_1_123' title='bbox 1226 2002 1294 2088; x_wconf 82' lang='lat' dir='ltr'><strong>xxij</strong></span> <span class='ocrx_word' id='word_1_124' title='bbox 1311 2022 1419 2066; x_wconf 87' lang='lat' dir='ltr'><strong>annos</strong></span> 
     </span>
     <span class='ocr_line' id='line_1_17' title="bbox 270 2090 1418 2179; baseline -0.004 -20"><span class='ocrx_word' id='word_1_125' title='bbox 270 2093 412 2179; x_wconf 87' lang='lat' dir='ltr'><strong>elapsos.</strong></span> <span class='ocrx_word' id='word_1_126' title='bbox 458 2092 505 2157; x_wconf 81' lang='lat' dir='ltr'><strong>Et</strong></span> <span class='ocrx_word' id='word_1_127' title='bbox 528 2091 646 2157; x_wconf 89' lang='lat' dir='ltr'><strong>dicunt</strong></span> <span class='ocrx_word' id='word_1_128' title='bbox 672 2090 761 2175; x_wconf 85' lang='lat' dir='ltr'><strong>quod</strong></span> <span class='ocrx_word' id='word_1_129' title='bbox 785 2093 865 2175; x_wconf 86' lang='lat' dir='ltr'><strong>post</strong></span> <span class='ocrx_word' id='word_1_130' title='bbox 888 2090 1087 2155; x_wconf 88' lang='lat' dir='ltr'><strong>thesaurum</strong></span> <span class='ocrx_word' id='word_1_131' title='bbox 1112 2090 1209 2155; x_wconf 88' lang='lat' dir='ltr'><strong>illum</strong></span> <span class='ocrx_word' id='word_1_132' title='bbox 1230 2090 1418 2170; x_wconf 88' lang='lat' dir='ltr'><strong>inventum,</strong></span> 
     </span>
     <span class='ocr_line' id='line_1_18' title="bbox 270 2176 1421 2262; baseline -0.007 -14"><span class='ocrx_word' id='word_1_133' title='bbox 270 2179 421 2248; x_wconf 90' lang='lat' dir='ltr'><strong>conditio</strong></span> <span class='ocrx_word' id='word_1_134' title='bbox 447 2198 563 2244; x_wconf 88' lang='lat' dir='ltr'><strong>eorum</strong></span> <span class='ocrx_word' id='word_1_135' title='bbox 593 2177 739 2244; x_wconf 88' lang='lat' dir='ltr'><strong>multum</strong></span> <span class='ocrx_word' id='word_1_136' title='bbox 763 2177 971 2242; x_wconf 87' lang='lat' dir='ltr'><strong>melioratur.</strong></span> <span class='ocrx_word' id='word_1_137' title='bbox 1026 2177 1073 2242; x_wconf 82' lang='lat' dir='ltr'><strong>Et</strong></span> <span class='ocrx_word' id='word_1_138' title='bbox 1097 2178 1279 2262; x_wconf 81' lang='lat' dir='ltr'><strong>pradictus</strong></span> <span class='ocrx_word' id='word_1_139' title='bbox 1304 2176 1421 2243; x_wconf 83' lang='lat' dir='ltr'><strong>Simon</strong></span> 
     </span>
    </p>
   </div>
   <div class='ocr_carea' id='block_1_6' title="bbox 269 2264 1420 2353">
    <p class='ocr_par' dir='ltr' id='par_1_6' title="bbox 269 2264 1420 2353">
     <span class='ocr_line' id='line_1_19' title="bbox 269 2264 1420 2353; baseline -0.003 -19"><span class='ocrx_word' id='word_1_140' title='bbox 269 2287 416 2353; x_wconf 78' lang='lat' dir='ltr'><strong>prasens</strong></span> <span class='ocrx_word' id='word_1_141' title='bbox 434 2269 497 2348; x_wconf 88' lang='lat' dir='ltr'><strong>est,</strong></span> <span class='ocrx_word' id='word_1_142' title='bbox 513 2265 590 2330; x_wconf 85' lang='lat' dir='ltr'><strong>ideo</strong></span> <span class='ocrx_word' id='word_1_143' title='bbox 613 2265 834 2332; x_wconf 87' lang='lat' dir='ltr'><strong>custodiatur.</strong></span> <span class='ocrx_word' id='word_1_144' title='bbox 879 2265 926 2329; x_wconf 81' lang='lat' dir='ltr'><strong>Et</strong></span> <span class='ocrx_word' id='word_1_145' title='bbox 942 2264 1113 2331; x_wconf 85' lang='lat' dir='ltr'><strong>Rob&#39;ertus</strong></span> <span class='ocrx_word' id='word_1_146' title='bbox 1134 2286 1204 2331; x_wconf 91' lang='lat' dir='ltr'><strong>non</strong></span> <span class='ocrx_word' id='word_1_147' title='bbox 1225 2265 1329 2346; x_wconf 88' lang='lat' dir='ltr'><strong>venit,</strong></span> <span class='ocrx_word' id='word_1_148' title='bbox 1344 2265 1420 2330; x_wconf 88' lang='lat' dir='ltr'><strong>ideo</strong></span> 
     </span>
    </p>
   </div>
   <div class='ocr_carea' id='block_1_7' title="bbox 272 2355 436 2442">
    <p class='ocr_par' dir='ltr' id='par_1_7' title="bbox 272 2355 436 2442">
     <span class='ocr_line' id='line_1_20' title="bbox 272 2355 436 2442; baseline -0.006 -21"><span class='ocrx_word' id='word_1_149' title='bbox 272 2355 436 2442; x_wconf 88' lang='lat' dir='ltr'><strong>capiatur.</strong></span> 
     </span>
    </p>
   </div>
   <div class='ocr_carea' id='block_1_8' title="bbox 271 2471 1423 3521">
    <p class='ocr_par' dir='ltr' id='par_1_8' title="bbox 271 2471 1423 3521">
     <span class='ocr_line' id='line_1_21' title="bbox 337 2471 1421 2559; baseline -0.003 -19"><span class='ocrx_word' id='word_1_150' title='bbox 337 2477 388 2541; x_wconf 91' lang='lat' dir='ltr'><strong>De</strong></span> <span class='ocrx_word' id='word_1_151' title='bbox 398 2472 594 2554; x_wconf 86' lang='lat' dir='ltr'><strong>warrennis,</strong></span> <span class='ocrx_word' id='word_1_152' title='bbox 607 2473 727 2539; x_wconf 86' lang='lat' dir='ltr'><strong>dicunt</strong></span> <span class='ocrx_word' id='word_1_153' title='bbox 741 2473 831 2558; x_wconf 88' lang='lat' dir='ltr'><strong>quod</strong></span> <span class='ocrx_word' id='word_1_154' title='bbox 846 2472 951 2559; x_wconf 89' lang='lat' dir='ltr'><strong>Hugo</strong></span> <span class='ocrx_word' id='word_1_155' title='bbox 965 2471 1007 2538; x_wconf 87' lang='lat' dir='ltr'><strong>de</strong></span> <span class='ocrx_word' id='word_1_156' title='bbox 1022 2472 1152 2540; x_wconf 86' lang='lat' dir='ltr'><strong>Bolbelr</strong></span> <span class='ocrx_word' id='word_1_157' title='bbox 1163 2473 1421 2540; x_wconf 85' lang='lat' dir='ltr'><strong>habetwarren·</strong></span> 
     </span>
     <span class='ocr_line' id='line_1_22' title="bbox 273 2560 1419 2648; baseline -0.001 -20"><span class='ocrx_word' id='word_1_158' title='bbox 273 2586 353 2629; x_wconf 88' lang='lat' dir='ltr'><strong>narn</strong></span> <span class='ocrx_word' id='word_1_159' title='bbox 368 2562 407 2627; x_wconf 92' lang='lat' dir='ltr'><strong>in</strong></span> <span class='ocrx_word' id='word_1_160' title='bbox 421 2561 455 2628; x_wconf 89' lang='lat' dir='ltr'>N</span> <span class='ocrx_word' id='word_1_161' title='bbox 456 2561 597 2627; x_wconf 82' lang='lat' dir='ltr'><strong>esebeclr</strong></span> <span class='ocrx_word' id='word_1_162' title='bbox 612 2563 648 2626; x_wconf 87' lang='lat' dir='ltr'><strong>et</strong></span> <span class='ocrx_word' id='word_1_163' title='bbox 658 2560 860 2646; x_wconf 85' lang='lat' dir='ltr'><strong>Dodington</strong></span> <span class='ocrx_word' id='word_1_164' title='bbox 876 2580 918 2625; x_wconf 86' lang='lat' dir='ltr'><strong>ex</strong></span> <span class='ocrx_word' id='word_1_165' title='bbox 932 2561 1148 2627; x_wconf 81' lang='lat' dir='ltr'><strong>concessione</strong></span> <span class='ocrx_word' id='word_1_166' title='bbox 1164 2561 1293 2626; x_wconf 88' lang='lat' dir='ltr'><strong>domini</strong></span> <span class='ocrx_word' id='word_1_167' title='bbox 1304 2561 1419 2648; x_wconf 83' lang='lat' dir='ltr'><strong>Regis.</strong></span> 
     </span>
     <span class='ocr_line' id='line_1_23' title="bbox 271 2647 1421 2734; baseline -0.005 -16"><span class='ocrx_word' id='word_1_168' title='bbox 271 2650 395 2718; x_wconf 85' lang='lat' dir='ltr'><strong>Ballivi</strong></span> <span class='ocrx_word' id='word_1_169' title='bbox 410 2647 560 2734; x_wconf 86' lang='lat' dir='ltr'><strong>ejusdem</strong></span> <span class='ocrx_word' id='word_1_170' title='bbox 578 2647 738 2734; x_wconf 85' lang='lat' dir='ltr'><strong>Hugonis</strong></span> <span class='ocrx_word' id='word_1_171' title='bbox 752 2669 820 2714; x_wconf 89' lang='lat' dir='ltr'><strong>non</strong></span> <span class='ocrx_word' id='word_1_172' title='bbox 835 2647 1042 2732; x_wconf 88' lang='lat' dir='ltr'><strong>permittunt</strong></span> <span class='ocrx_word' id='word_1_173' title='bbox 1064 2647 1217 2714; x_wconf 87' lang='lat' dir='ltr'><strong>homines</strong></span> <span class='ocrx_word' id='word_1_174' title='bbox 1238 2647 1369 2734; x_wconf 82' lang='lat' dir='ltr'><strong>piscare</strong></span> <span class='ocrx_word' id='word_1_175' title='bbox 1383 2647 1421 2712; x_wconf 92' lang='lat' dir='ltr'><strong>in</strong></span> 
     </span>
     <span class='ocr_line' id='line_1_24' title="bbox 272 2734 1421 2823; baseline -0.003 -20"><span class='ocrx_word' id='word_1_176' title='bbox 272 2760 362 2823; x_wconf 88' lang='lat' dir='ltr'><strong>aqua</strong></span> <span class='ocrx_word' id='word_1_177' title='bbox 385 2736 427 2802; x_wconf 93' lang='lat' dir='ltr'><strong>de</strong></span> <span class='ocrx_word' id='word_1_178' title='bbox 453 2735 550 2815; x_wconf 82' lang='lat' dir='ltr'><strong>Tillo,</strong></span> <span class='ocrx_word' id='word_1_179' title='bbox 568 2756 631 2802; x_wconf 91' lang='lat' dir='ltr'><strong>nec</strong></span> <span class='ocrx_word' id='word_1_180' title='bbox 652 2754 778 2822; x_wconf 89' lang='lat' dir='ltr'><strong>ponere</strong></span> <span class='ocrx_word' id='word_1_181' title='bbox 801 2735 929 2800; x_wconf 89' lang='lat' dir='ltr'><strong>viscum</strong></span> <span class='ocrx_word' id='word_1_182' title='bbox 953 2734 990 2799; x_wconf 89' lang='lat' dir='ltr'><strong>in</strong></span> <span class='ocrx_word' id='word_1_183' title='bbox 1015 2756 1134 2822; x_wconf 88' lang='lat' dir='ltr'><strong>campo</strong></span> <span class='ocrx_word' id='word_1_184' title='bbox 1160 2737 1201 2803; x_wconf 88' lang='lat' dir='ltr'><strong>de</strong></span> <span class='ocrx_word' id='word_1_185' title='bbox 1222 2736 1421 2821; x_wconf 82' lang='lat' dir='ltr'><strong>Dodington</strong></span> 
     </span>
     <span class='ocr_line' id='line_1_25' title="bbox 273 2821 1422 2910; baseline -0.003 -18"><span class='ocrx_word' id='word_1_186' title='bbox 273 2827 310 2892; x_wconf 93' lang='lat' dir='ltr'><strong>in</strong></span> <span class='ocrx_word' id='word_1_187' title='bbox 324 2825 487 2910; x_wconf 84' lang='lat' dir='ltr'><strong>Nesbyte.</strong></span> <span class='ocrx_word' id='word_1_188' title='bbox 533 2821 663 2888; x_wconf 85' lang='lat' dir='ltr'><strong>Dicunt</strong></span> <span class='ocrx_word' id='word_1_189' title='bbox 687 2821 788 2888; x_wconf 89' lang='lat' dir='ltr'><strong>etiam</strong></span> <span class='ocrx_word' id='word_1_190' title='bbox 818 2823 907 2907; x_wconf 85' lang='lat' dir='ltr'><strong>quod</strong></span> <span class='ocrx_word' id='word_1_191' title='bbox 928 2821 1046 2888; x_wconf 91' lang='lat' dir='ltr'><strong>ballivi</strong></span> <span class='ocrx_word' id='word_1_192' title='bbox 1067 2823 1213 2909; x_wconf 86' lang='lat' dir='ltr'><strong>Agnetis</strong></span> <span class='ocrx_word' id='word_1_193' title='bbox 1243 2823 1284 2889; x_wconf 87' lang='lat' dir='ltr'><strong>de</strong></span> <span class='ocrx_word' id='word_1_194' title='bbox 1314 2823 1422 2910; x_wconf 79' lang='lat' dir='ltr'><strong>Vescy</strong></span> 
     </span>
     <span class='ocr_line' id='line_1_26' title="bbox 271 2908 1422 2996; baseline -0.003 -17"><span class='ocrx_word' id='word_1_195' title='bbox 271 2914 470 2979; x_wconf 87' lang='lat' dir='ltr'><strong>levaverunt</strong></span> <span class='ocrx_word' id='word_1_196' title='bbox 485 2930 677 2975; x_wconf 73' lang='lat' dir='ltr'><strong>warennam</strong></span> <span class='ocrx_word' id='word_1_197' title='bbox 688 2909 725 2973; x_wconf 93' lang='lat' dir='ltr'><strong>in</strong></span> <span class='ocrx_word' id='word_1_198' title='bbox 740 2909 876 2996; x_wconf 74' lang='lat' dir='ltr'><strong>Tythal&#39;</strong></span> <span class='ocrx_word' id='word_1_199' title='bbox 892 2908 964 2976; x_wconf 88' lang='lat' dir='ltr'><strong>sine</strong></span> <span class='ocrx_word' id='word_1_200' title='bbox 974 2915 1153 2976; x_wconf 76' lang='lat' dir='ltr'><strong>warranto.</strong></span> <span class='ocrx_word' id='word_1_201' title='bbox 1190 2910 1237 2975; x_wconf 82' lang='lat' dir='ltr'><strong>Et</strong></span> <span class='ocrx_word' id='word_1_202' title='bbox 1246 2909 1422 2978; x_wconf 85' lang='lat' dir='ltr'><strong>Odinellus</strong></span> 
     </span>
     <span class='ocr_line' id='line_1_27' title="bbox 275 2997 1422 3084; baseline -0.003 -18"><span class='ocrx_word' id='word_1_203' title='bbox 275 3002 316 3066; x_wconf 88' lang='lat' dir='ltr'><strong>de</strong></span> <span class='ocrx_word' id='word_1_204' title='bbox 332 2999 452 3079; x_wconf 78' lang='lat' dir='ltr'><strong>Forrle,</strong></span> <span class='ocrx_word' id='word_1_205' title='bbox 467 3001 647 3084; x_wconf 87' lang='lat' dir='ltr'><strong>postquam</strong></span> <span class='ocrx_word' id='word_1_206' title='bbox 659 2997 781 3062; x_wconf 88' lang='lat' dir='ltr'><strong>habuit</strong></span> <span class='ocrx_word' id='word_1_207' title='bbox 795 3018 999 3078; x_wconf 85' lang='lat' dir='ltr'><strong>warennam,</strong></span> <span class='ocrx_word' id='word_1_208' title='bbox 1010 3018 1080 3063; x_wconf 94' lang='lat' dir='ltr'><strong>non</strong></span> <span class='ocrx_word' id='word_1_209' title='bbox 1090 2997 1262 3084; x_wconf 87' lang='lat' dir='ltr'><strong>permittit</strong></span> <span class='ocrx_word' id='word_1_210' title='bbox 1275 2997 1422 3083; x_wconf 88' lang='lat' dir='ltr'><strong>aliquem</strong></span> 
     </span>
     <span class='ocr_line' id='line_1_28' title="bbox 274 3084 1423 3258; baseline -0.002 -17"><span class='ocrx_word' id='word_1_211' title='bbox 274 3085 464 3241; x_wconf 51' lang='lat' dir='ltr'><strong>titiis?</strong></span> <span class='ocrx_word' id='word_1_212' title='bbox 474 3085 653 3239; x_wconf 58' lang='lat' dir='ltr'><strong>,trit</strong></span> <span class='ocrx_word' id='word_1_213' title='bbox 667 3084 854 3238; x_wconf 59' lang='lat' dir='ltr'><strong>litt?</strong></span> <span class='ocrx_word' id='word_1_214' title='bbox 876 3084 1423 3258; x_wconf 50' lang='lat' dir='ltr'><strong>illiqfflnitllifiliiililli</strong></span> 
     </span>
     <span class='ocr_line' id='line_1_29' title="bbox 274 3258 1422 3361; baseline -0.001 -33"><span class='ocrx_word' id='word_1_215' title='bbox 274 3262 440 3329; x_wconf 79' lang='lat' dir='ltr'><strong>Ricardus</strong></span> <span class='ocrx_word' id='word_1_216' title='bbox 456 3260 570 3324; x_wconf 88' lang='lat' dir='ltr'><strong>Morin</strong></span> <span class='ocrx_word' id='word_1_217' title='bbox 593 3281 662 3326; x_wconf 92' lang='lat' dir='ltr'><strong>non</strong></span> <span class='ocrx_word' id='word_1_218' title='bbox 681 3259 854 3361; x_wconf 79' lang='lat' dir='ltr'><strong>permittit</strong></span> <span class='ocrx_word' id='word_1_219' title='bbox 873 3258 1020 3344; x_wconf 88' lang='lat' dir='ltr'><strong>aliquem</strong></span> <span class='ocrx_word' id='word_1_220' title='bbox 1035 3281 1167 3327; x_wconf 80' lang='lat' dir='ltr'><strong>cvnrere</strong></span> <span class='ocrx_word' id='word_1_221' title='bbox 1188 3260 1225 3325; x_wconf 92' lang='lat' dir='ltr'><strong>in</strong></span> <span class='ocrx_word' id='word_1_222' title='bbox 1241 3280 1358 3346; x_wconf 87' lang='lat' dir='ltr'><strong>campo</strong></span> <span class='ocrx_word' id='word_1_223' title='bbox 1381 3261 1422 3328; x_wconf 89' lang='lat' dir='ltr'><strong>de</strong></span> 
     </span>
     <span class='ocr_line' id='line_1_30' title="bbox 274 3347 1423 3436; baseline -0.003 -21"><span class='ocrx_word' id='word_1_224' title='bbox 274 3349 419 3436; x_wconf 85' lang='lat' dir='ltr'><strong>Lowylre</strong></span> <span class='ocrx_word' id='word_1_225' title='bbox 436 3369 499 3414; x_wconf 89' lang='lat' dir='ltr'><strong>nec</strong></span> <span class='ocrx_word' id='word_1_226' title='bbox 516 3367 641 3432; x_wconf 89' lang='lat' dir='ltr'><strong>ponere</strong></span> <span class='ocrx_word' id='word_1_227' title='bbox 660 3367 788 3412; x_wconf 79' lang='lat' dir='ltr'><strong>viscum</strong></span> <span class='ocrx_word' id='word_1_228' title='bbox 803 3347 840 3412; x_wconf 93' lang='lat' dir='ltr'><strong>in</strong></span> <span class='ocrx_word' id='word_1_229' title='bbox 855 3347 984 3428; x_wconf 85' lang='lat' dir='ltr'><strong>eodem,</strong></span> <span class='ocrx_word' id='word_1_230' title='bbox 1006 3347 1065 3414; x_wconf 90' lang='lat' dir='ltr'><strong>ubi</strong></span> <span class='ocrx_word' id='word_1_231' title='bbox 1084 3348 1212 3413; x_wconf 90' lang='lat' dir='ltr'><strong>nullam</strong></span> <span class='ocrx_word' id='word_1_232' title='bbox 1230 3369 1423 3416; x_wconf 88' lang='lat' dir='ltr'><strong>warennam</strong></span> 
     </span>
     <span class='ocr_line' id='line_1_31' title="bbox 275 3433 1422 3521; baseline -0.001 -19"><span class='ocrx_word' id='word_1_233' title='bbox 275 3437 377 3503; x_wconf 89' lang='lat' dir='ltr'><strong>habet</strong></span> <span class='ocrx_word' id='word_1_234' title='bbox 392 3457 434 3501; x_wconf 85' lang='lat' dir='ltr'><strong>ex</strong></span> <span class='ocrx_word' id='word_1_235' title='bbox 448 3433 662 3502; x_wconf 81' lang='lat' dir='ltr'><strong>concessione</strong></span> <span class='ocrx_word' id='word_1_236' title='bbox 683 3433 812 3500; x_wconf 86' lang='lat' dir='ltr'><strong>domini</strong></span> <span class='ocrx_word' id='word_1_237' title='bbox 835 3434 939 3521; x_wconf 86' lang='lat' dir='ltr'><strong>Regis</strong></span> <span class='ocrx_word' id='word_1_238' title='bbox 954 3439 990 3501; x_wconf 88' lang='lat' dir='ltr'><strong>et</strong></span> <span class='ocrx_word' id='word_1_239' title='bbox 1009 3439 1260 3502; x_wconf 87' lang='lat' dir='ltr'><strong>antecessorum</strong></span> <span class='ocrx_word' id='word_1_240' title='bbox 1275 3456 1422 3518; x_wconf 88' lang='lat' dir='ltr'><strong>suorum,</strong></span> 
     </span>
    </p>
   </div>
   <div class='ocr_carea' id='block_1_9' title="bbox 275 3522 757 3608">
    <p class='ocr_par' dir='ltr' id='par_1_9' title="bbox 275 3522 757 3608">
     <span class='ocr_line' id='line_1_32' title="bbox 275 3522 757 3608; baseline -0.002 -18"><span class='ocrx_word' id='word_1_241' title='bbox 275 3529 310 3591; x_wconf 87' lang='lat' dir='ltr'><strong>et</strong></span> <span class='ocrx_word' id='word_1_242' title='bbox 324 3522 482 3590; x_wconf 89' lang='lat' dir='ltr'><strong>nesciunt</strong></span> <span class='ocrx_word' id='word_1_243' title='bbox 497 3542 563 3608; x_wconf 89' lang='lat' dir='ltr'><strong>quo</strong></span> <span class='ocrx_word' id='word_1_244' title='bbox 577 3523 757 3589; x_wconf 84' lang='lat' dir='ltr'><strong>warranto.</strong></span> 
     </span>
    </p>
   </div>
   <div class='ocr_carea' id='block_1_10' title="bbox 276 3643 1426 4259">
    <p class='ocr_par' dir='ltr' id='par_1_10' title="bbox 276 3643 1426 4259">
     <span class='ocr_line' id='line_1_33' title="bbox 339 3643 1425 3729; baseline -0.001 -18"><span class='ocrx_word' id='word_1_245' title='bbox 339 3646 515 3712; x_wconf 86' lang='lat' dir='ltr'><strong>Juratores</strong></span> <span class='ocrx_word' id='word_1_246' title='bbox 529 3645 739 3729; x_wconf 86' lang='lat' dir='ltr'><strong>praesentant</strong></span> <span class='ocrx_word' id='word_1_247' title='bbox 754 3644 842 3728; x_wconf 85' lang='lat' dir='ltr'><strong>quod</strong></span> <span class='ocrx_word' id='word_1_248' title='bbox 851 3643 967 3710; x_wconf 89' lang='lat' dir='ltr'><strong>ballivi</strong></span> <span class='ocrx_word' id='word_1_249' title='bbox 982 3644 1024 3711; x_wconf 86' lang='lat' dir='ltr'><strong>de</strong></span> <span class='ocrx_word' id='word_1_250' title='bbox 1038 3644 1204 3711; x_wconf 81' lang='lat' dir='ltr'><strong>Kokedal&#39;</strong></span> <span class='ocrx_word' id='word_1_251' title='bbox 1216 3667 1285 3711; x_wconf 93' lang='lat' dir='ltr'><strong>non</strong></span> <span class='ocrx_word' id='word_1_252' title='bbox 1301 3645 1425 3714; x_wconf 87' lang='lat' dir='ltr'><strong>debent</strong></span> 
     </span>
     <span class='ocr_line' id='line_1_34' title="bbox 276 3731 1424 3817; baseline -0.001 -17"><span class='ocrx_word' id='word_1_253' title='bbox 276 3735 362 3800; x_wconf 81' lang='lat' dir='ltr'><strong>esse⁸</strong></span> <span class='ocrx_word' id='word_1_254' title='bbox 386 3753 448 3798; x_wconf 88' lang='lat' dir='ltr'><strong>nec</strong></span> <span class='ocrx_word' id='word_1_255' title='bbox 474 3732 595 3813; x_wconf 86' lang='lat' dir='ltr'><strong>solent,</strong></span> <span class='ocrx_word' id='word_1_256' title='bbox 619 3731 687 3798; x_wconf 84' lang='lat' dir='ltr'><strong>nisi</strong></span> <span class='ocrx_word' id='word_1_257' title='bbox 712 3735 851 3796; x_wconf 87' lang='lat' dir='ltr'><strong>tantum</strong></span> <span class='ocrx_word' id='word_1_258' title='bbox 880 3732 947 3798; x_wconf 85' lang='lat' dir='ltr'><strong>duo</strong></span> <span class='ocrx_word' id='word_1_259' title='bbox 974 3733 1158 3800; x_wconf 86' lang='lat' dir='ltr'><strong>servientes</strong></span> <span class='ocrx_word' id='word_1_260' title='bbox 1188 3733 1317 3817; x_wconf 88' lang='lat' dir='ltr'><strong>equites</strong></span> <span class='ocrx_word' id='word_1_261' title='bbox 1348 3756 1424 3800; x_wconf 92' lang='lat' dir='ltr'><strong>curn</strong></span> 
     </span>
     <span class='ocr_line' id='line_1_35' title="bbox 276 3818 1425 3906; baseline -0.002 -19"><span class='ocrx_word' id='word_1_262' title='bbox 276 3821 407 3887; x_wconf 87' lang='lat' dir='ltr'><strong>duobus</strong></span> <span class='ocrx_word' id='word_1_263' title='bbox 422 3819 637 3904; x_wconf 86' lang='lat' dir='ltr'><strong>garcionibus</strong></span> <span class='ocrx_word' id='word_1_264' title='bbox 652 3823 687 3886; x_wconf 87' lang='lat' dir='ltr'><strong>et</strong></span> <span class='ocrx_word' id='word_1_265' title='bbox 709 3819 777 3885; x_wconf 88' lang='lat' dir='ltr'><strong>duo</strong></span> <span class='ocrx_word' id='word_1_266' title='bbox 794 3818 978 3886; x_wconf 85' lang='lat' dir='ltr'><strong>servientes</strong></span> <span class='ocrx_word' id='word_1_267' title='bbox 991 3819 1136 3906; x_wconf 83' lang='lat' dir='ltr'><strong>pedites,</strong></span> <span class='ocrx_word' id='word_1_268' title='bbox 1151 3823 1187 3886; x_wconf 91' lang='lat' dir='ltr'><strong>et</strong></span> <span class='ocrx_word' id='word_1_269' title='bbox 1208 3840 1277 3886; x_wconf 89' lang='lat' dir='ltr'><strong>non</strong></span> <span class='ocrx_word' id='word_1_270' title='bbox 1292 3821 1425 3886; x_wconf 87' lang='lat' dir='ltr'><strong>suntin</strong></span> 
     </span>
     <span class='ocr_line' id='line_1_36' title="bbox 276 3905 1425 3995; baseline -0.002 -20"><span class='ocrx_word' id='word_1_271' title='bbox 276 3908 394 3975; x_wconf 87' lang='lat' dir='ltr'><strong>eadem</strong></span> <span class='ocrx_word' id='word_1_272' title='bbox 408 3905 534 3972; x_wconf 86' lang='lat' dir='ltr'><strong>balliva</strong></span> <span class='ocrx_word' id='word_1_273' title='bbox 555 3909 702 3994; x_wconf 88' lang='lat' dir='ltr'><strong>quatuor</strong></span> <span class='ocrx_word' id='word_1_274' title='bbox 729 3905 911 3974; x_wconf 87' lang='lat' dir='ltr'><strong>servientes</strong></span> <span class='ocrx_word' id='word_1_275' title='bbox 933 3907 1065 3992; x_wconf 87' lang='lat' dir='ltr'><strong>equites</strong></span> <span class='ocrx_word' id='word_1_276' title='bbox 1088 3929 1165 3974; x_wconf 93' lang='lat' dir='ltr'><strong>cum</strong></span> <span class='ocrx_word' id='word_1_277' title='bbox 1180 3911 1326 3992; x_wconf 88' lang='lat' dir='ltr'><strong>quatuor</strong></span> <span class='ocrx_word' id='word_1_278' title='bbox 1347 3931 1425 3995; x_wconf 85' lang='lat' dir='ltr'><strong>gar-</strong></span> 
     </span>
     <span class='ocr_line' id='line_1_37' title="bbox 278 3993 1426 4083; baseline 0.001 -22"><span class='ocrx_word' id='word_1_279' title='bbox 278 3995 430 4062; x_wconf 89' lang='lat' dir='ltr'><strong>conibus.</strong></span> <span class='ocrx_word' id='word_1_280' title='bbox 475 3994 523 4059; x_wconf 82' lang='lat' dir='ltr'><strong>Et</strong></span> <span class='ocrx_word' id='word_1_281' title='bbox 552 3994 688 4078; x_wconf 86' lang='lat' dir='ltr'><strong>quando</strong></span> <span class='ocrx_word' id='word_1_282' title='bbox 712 3994 854 4080; x_wconf 78' lang='lat' dir='ltr'><strong>marigni</strong></span> <span class='ocrx_word' id='word_1_283' title='bbox 874 3993 991 4060; x_wconf 87' lang='lat' dir='ltr'><strong>ballivi</strong></span> <span class='ocrx_word' id='word_1_284' title='bbox 1017 3995 1154 4059; x_wconf 87' lang='lat' dir='ltr'><strong>suntin</strong></span> <span class='ocrx_word' id='word_1_285' title='bbox 1180 4015 1248 4061; x_wconf 93' lang='lat' dir='ltr'><strong>uno</strong></span> <span class='ocrx_word' id='word_1_286' title='bbox 1274 3997 1426 4083; x_wconf 71' lang='lat' dir='ltr'><strong>angulo,⁴</strong></span> 
     </span>
     <span class='ocr_line' id='line_1_38' title="bbox 278 4081 1425 4171; baseline 0.002 -23"><span class='ocrx_word' id='word_1_287' title='bbox 278 4081 454 4171; x_wconf 78' lang='lat' dir='ltr'><strong>garciones</strong></span> <span class='ocrx_word' id='word_1_288' title='bbox 478 4081 532 4147; x_wconf 89' lang='lat' dir='ltr'><strong>sui</strong></span> <span class='ocrx_word' id='word_1_289' title='bbox 555 4081 592 4145; x_wconf 92' lang='lat' dir='ltr'><strong>in</strong></span> <span class='ocrx_word' id='word_1_290' title='bbox 607 4081 675 4148; x_wconf 89' lang='lat' dir='ltr'><strong>alio</strong></span> <span class='ocrx_word' id='word_1_291' title='bbox 699 4081 774 4148; x_wconf 89' lang='lat' dir='ltr'><strong>loco</strong></span> <span class='ocrx_word' id='word_1_292' title='bbox 797 4103 875 4147; x_wconf 89' lang='lat' dir='ltr'><strong>cum</strong></span> <span class='ocrx_word' id='word_1_293' title='bbox 897 4102 967 4148; x_wconf 91' lang='lat' dir='ltr'><strong>nno</strong></span> <span class='ocrx_word' id='word_1_294' title='bbox 990 4102 1077 4168; x_wconf 89' lang='lat' dir='ltr'><strong>equo</strong></span> <span class='ocrx_word' id='word_1_295' title='bbox 1099 4083 1152 4151; x_wconf 90' lang='lat' dir='ltr'><strong>vel</strong></span> <span class='ocrx_word' id='word_1_296' title='bbox 1175 4084 1306 4150; x_wconf 85' lang='lat' dir='ltr'><strong>duobus</strong></span> <span class='ocrx_word' id='word_1_297' title='bbox 1330 4083 1425 4170; x_wconf 89' lang='lat' dir='ltr'><strong>equis</strong></span> 
     </span>
     <span class='ocr_line' id='line_1_39' title="bbox 277 4167 619 4259; baseline -0.006 -22"><span class='ocrx_word' id='word_1_298' title='bbox 277 4167 619 4259; x_wconf 87' lang='lat' dir='ltr'><strong>perhendinantibus.</strong></span> 
     </span>
    </p>
   </div>
   <div class='ocr_carea' id='block_1_11' title="bbox 278 4341 1425 4600">
    <p class='ocr_par' dir='ltr' id='par_1_11' title="bbox 278 4341 1425 4600">
     <span class='ocr_line' id='line_1_40' title="bbox 312 4341 1367 4441; baseline 0.001 -44"><span class='ocrx_word' id='word_1_299' title='bbox 312 4345 321 4378; x_wconf 90' lang='lat'>¹</span> <span class='ocrx_word' id='word_1_300' title='bbox 338 4342 833 4411; x_wconf 61' lang='lat' dir='ltr'><strong>Lamourhfflindrumandnoney-</strong></span> <span class='ocrx_word' id='word_1_301' title='bbox 910 4341 922 4441; x_wconf 54' lang='grc' dir='ltr'><strong>Ξ</strong></span> <span class='ocrx_word' id='word_1_302' title='bbox 939 4343 1063 4410; x_wconf 81' lang='lat' dir='ltr'><strong>Probably</strong></span> <span class='ocrx_word' id='word_1_303' title='bbox 1074 4360 1090 4397; x_wconf 86' lang='lat' dir='ltr'><strong>a</strong></span> <span class='ocrx_word' id='word_1_304' title='bbox 1100 4343 1208 4422; x_wconf 56' lang='lat' dir='ltr'><strong>mutate</strong></span> <span class='ocrx_word' id='word_1_305' title='bbox 1219 4345 1260 4397; x_wconf 82' lang='lat' dir='ltr'><strong>lor</strong></span> <span class='ocrx_word' id='word_1_306' title='bbox 1270 4347 1367 4398; x_wconf 67' lang='lat' dir='ltr'><strong>aerea.</strong></span> 
     </span>
     <span class='ocr_line' id='line_1_41' title="bbox 278 4411 1425 4599; baseline 0.003 -71"><span class='ocrx_word' id='word_1_307' title='bbox 278 4413 453 4599; x_wconf 49' lang='lat' dir='ltr'><strong>hgnlw</strong></span> <span class='ocrx_word' id='word_1_308' title='bbox 485 4476 526 4528; x_wconf 84' lang='lat' dir='ltr'><strong>lor</strong></span> <span class='ocrx_word' id='word_1_309' title='bbox 548 4477 660 4540; x_wconf 65' lang='lat' dir='ltr'><strong>mater,</strong></span> <span class='ocrx_word' id='word_1_310' title='bbox 688 4493 704 4528; x_wconf 81' lang='lat' dir='ltr'><strong>a</strong></span> <span class='ocrx_word' id='word_1_311' title='bbox 733 4479 780 4542; x_wconf 85' lang='lat' dir='ltr'><strong>pot</strong></span> <span class='ocrx_word' id='word_1_312' title='bbox 804 4492 834 4528; x_wconf 92' lang='lat' dir='ltr'><strong>or</strong></span> <span class='ocrx_word' id='word_1_313' title='bbox 877 4411 1232 4545; x_wconf 38' lang='lat' dir='ltr'><strong>massmannum.</strong></span> <span class='ocrx_word' id='word_1_314' title='bbox 1273 4414 1335 4466; x_wconf 52' lang='lat' dir='ltr'><strong>Lm</strong></span> <span class='ocrx_word' id='word_1_315' title='bbox 1354 4413 1425 4465; x_wconf 39' lang='lat' dir='ltr'><strong>Hm·</strong></span> 
     </span>
     <span class='ocr_line' id='line_1_42' title="bbox 279 4559 428 4600; baseline 0 -6"><span class='ocrx_word' id='word_1_316' title='bbox 279 4562 293 4600; x_wconf 84' lang='lat'><strong>0</strong></span> <span class='ocrx_word' id='word_1_317' title='bbox 401 4559 428 4594; x_wconf 94' lang='lat' dir='ltr'><strong>n.</strong></span> 
     </span>
    </p>
   </div>
   <div class='ocr_carea' id='block_1_12' title="bbox 0 0 1660 5104">
    <p class='ocr_par' dir='ltr' id='par_1_12' title="bbox 0 0 1660 5104">
     <span class='ocr_line' id='line_1_43' title="bbox 0 0 1660 5104; baseline 0 0"><span class='ocrx_word' id='word_1_318' title='bbox 0 0 1660 5104; x_wconf 95' lang='lat' dir='ltr'><strong> </strong></span> 
     </span>
    </p>
   </div>
  </div>
 </body>
</html>
