3264 5110
382 553 497 602 rasim
520 553 617 617 aona,
641 544 980 614 noarauuannaxuo,
1004 531 1022 599 7
1047 553 1133 600 nov.
1158 555 1181 600 1.
1302 532 1362 600 331

216 710 311 772 tenet
334 709 371 796 lij
388 731 482 776 acras
503 713 602 776 terrae
626 709 665 774 in
687 710 883 794 Bamburg’,
900 711 935 775 et
958 709 1053 789 alias,
1079 731 1139 794 per
1163 712 1368 794 praeceptnm

218 796 500 878 Justiciariorum,
526 805 633 898 capta·
655 799 797 862 fuerunt
821 799 858 861 in
887 819 991 862 manu
1021 797 1150 861 domini
1180 796 1297 882 Regis,
1330 815 1369 860 eo

218 883 308 966 quod
324 885 514 950 convictum
526 885 596 949 furt
612 886 700 968 quod
715 889 807 953 terra
822 884 882 949 illa
896 905 965 948 non
980 883 1174 968 pertinebat
1186 883 1228 948 ad
1243 887 1369 948 terram

218 969 323 1051 illam,
348 992 448 1056 quam
479 973 593 1037 tenuit
619 993 679 1057 per
703 972 912 1057 surgentiam
938 971 979 1036 de
1010 971 1147 1036 domino
1174 971 1278 1054 Rege.
1324 969 1370 1032 nt

219 1057 339 1124 dicunt
364 1057 454 1142 quod
473 1062 566 1124 terra
589 1058 649 1124 illa
670 1059 741 1123 fuit
767 1059 803 1122 in
828 1080 931 1124 manu
946 1058 1075 1123 domini
1099 1057 1240 1124 Henrici
1265 1056 1369 1142 Regis

219 1166 280 1230 per
304 1151 450 1230 quatuor
475 1167 592 1226 annos,
620 1146 671 1211 ita
697 1147 785 1231 quod
812 1147 969 1212 dominus
994 1147 1065 1213 Rex
1090 1144 1180 1230 cepit
1204 1145 1284 1209 inde
1310 1163 1371 1227 per

220 1253 349 1296 annum
373 1234 511 1299 centum
540 1238 575 1299 et
605 1238 752 1317 quatuor
780 1236 818 1299 a’.
863 1234 910 1298 Et
940 1233 1092 1318 quaedam
1122 1232 1272 1312 Beatrix,
1299 1230 1371 1295 filia

219 1317 359 1400 Odonis,
391 1323 500 1384 mater
529 1320 681 1404 praedicti
709 1320 883 1401 Willelmi,
908 1321 1023 1385 tenuit
1058 1320 1200 1388 eandem
1233 1324 1369 1384 terram.

220 1405 267 1470 Et
288 1406 367 1473 inde
396 1406 482 1473 obiit
506 1407 634 1486 saisita,
665 1410 700 1474 et
725 1408 816 1472 idem
847 1407 1036 1473 Willelmus
1060 1407 1204 1472 intravit
1232 1406 1370 1493 praedic·

220 1497 292 1558 tam
315 1497 442 1559 terram
465 1498 544 1579 post
568 1498 712 1558 mortem
738 1493 903 1580 praedictae
927 1494 1103 1560 Beatricis.
1149 1496 1194 1558 Et
1221 1493 1372 1560 nescitur

220 1581 365 1664 qualiter
379 1586 473 1646 terra
496 1580 556 1645 illa
581 1581 687 1646 exivit
714 1581 755 1647 de
781 1604 885 1648 manu
908 1581 1038 1648 domini
1061 1582 1176 1666 Regis.
1222 1582 1268 1645 nt
1291 1579 1371 1664 quia

220 1668 310 1731 idem
325 1666 514 1735 Willelmus
530 1668 672 1732 intravit
686 1669 883 1753 praedictam
905 1672 1031 1734 terram
1045 1690 1106 1754 per
1126 1669 1371 1733 successionem

221 1754 434 1835 hereditatis,
450 1754 527 1821 ideo
543 1755 669 1820 habeat
684 1756 840 1822 dominus
856 1757 930 1821 Rex
944 1756 1043 1822 breve
1059 1777 1156 1820 suurn
1167 1776 1267 1839 super
1282 1776 1370 1835 eum,

221 1842 250 1906 si
265 1842 419 1923 voluerit,
436 1847 500 1907 etc.
1389 1863 1392 1868 ·

284 1979 460 2046 Juratores
486 1984 696 2066 praesentant
720 1981 808 2066 quod
828 1980 1018 2046 Willelmus
1044 1982 1181 2066 Eyrum,
1198 1981 1278 2045 dum
1301 1981 1372 2045 fuit

221 2066 405 2133 vicecomes
420 2072 455 2132 et
471 2067 741 2133 constabularius
754 2068 867 2133 Castri
878 2069 918 2133 de
928 2069 1123 2152 Bamburg',
1135 2069 1243 2152 primo
1260 2069 1372 2135 tenuit

223 2154 350 2239 placita
364 2155 405 2220 de
422 2154 536 2220 namio
551 2156 658 2222 vetito
673 2155 764 2240 apud
788 2157 982 2241 Bamburg',
999 2159 1034 2220 et
1058 2176 1173 2221 omnes
1190 2155 1371 2220 constabu-

222 2241 300 2306 larii
315 2241 373 2327 qui
395 2249 630 2308 successerunt
644 2243 737 2307 dicto
752 2242 922 2309 Willelmo
937 2243 988 2308 ita
1002 2243 1168 2309 iecerunt.
1217 2243 1260 2306 nt
1277 2243 1370 2327 jura·

223 2333 313 2393 tores
341 2329 473 2414 quaesiti
500 2329 589 2414 quod
614 2331 643 2394 si
658 2329 842 2396 vicecomes
869 2329 969 2394 istius
996 2331 1179 2394 comitatus
1204 2330 1372 2396 tenuisset

223 2414 284 2481 illa
303 2415 429 2500 placita
447 2418 484 2480 in
501 2417 678 2497 comitatu,
690 2418 847 2482 dominus
863 2418 948 2496 Rex,
964 2417 1075 2500 quoad
1091 2417 1245 2482 custodia
1260 2417 1372 2481 Oastri

195 2532 199 2540 ·
222 2503 385 2588 praedicti,
404 2504 544 2569 haberet
559 2504 694 2588 aliquod
716 2504 912 2589 dampnum,
928 2504 1046 2568 dicunt
1062 2504 1151 2588 quod
1171 2525 1252 2584 non,
1269 2503 1372 2568 immo

222 2591 315 2656 foret
328 2591 372 2656 ad
391 2591 604 2656 commodum
616 2591 725 2656 totius
749 2590 865 2677 patriar
885 2595 921 2656 et
934 2589 1059 2656 villatas
1075 2590 1250 2675 praedictae.
1290 2591 1373 2655 Ideo

223 2676 304 2743 inde
318 2677 534 2762 loquendum.

288 2831 340 2896 De
351 2832 466 2898 eadem
483 2831 601 2896 villata
613 2831 654 2898 de
670 2831 737 2897 fine
748 2853 809 2917 pro
821 2851 856 2896 se
871 2834 906 2898 et
919 2831 966 2915 xij
983 2830 1194 2914 juratoribus
1209 2831 1374 2917 drapariis

226 2923 261 2984 et
277 2918 452 2984 vinetariis
467 2940 529 3004 pro
545 2918 797 2985 concelamento
813 2921 848 2983 et
862 2917 938 2983 aliis
953 2918 1263 3002 trangressionibus
1275 2941 1294 2982 v
1305 2921 1359 2983 m’.

290 3074 342 3141 De
352 3071 501 3160 antiquis
512 3073 822 3152 consuetudinibus,
832 3076 908 3154 etc,
921 3073 1039 3139 dicunt
1048 3072 1137 3157 quod
1147 3071 1240 3138 vicus
1250 3072 1374 3158 Hospi-

226 3161 305 3227 talis
332 3163 449 3226 Sancti
465 3160 632 3228 Osewaldi
655 3161 697 3226 de
719 3161 914 3246 Bamburg',
931 3182 1028 3245 quem
1056 3160 1154 3225 Prior
1179 3161 1221 3227 de
1249 3162 1374 3225 Sancto

225 3247 400 3315 Osewaldo
415 3253 521 3328 tenet,
539 3249 626 3315 solet
646 3247 797 3314 invenire
815 3252 972 3332 quartam
993 3251 1124 3332 partem
1147 3247 1276 3311 servitii
1298 3268 1372 3331 per·

226 3336 369 3401 tinentia
381 3336 425 3400 ad
442 3335 554 3400 villam
570 3336 611 3400 de
626 3335 808 3421 Bamburg'
831 3339 901 3399 tam
925 3356 1037 3401 eoram
1055 3335 1257 3420 justiciariis
1272 3356 1372 3419 quam

226 3424 302 3489 aliis
317 3428 468 3508 exparte
490 3423 620 3488 domini
642 3422 755 3509 Regis.
802 3423 849 3486 nt
870 3423 970 3487 modo
986 3421 1158 3487 servitium
1184 3421 1270 3487 illud
1297 3421 1375 3486 sub-

225 3515 375 3576 tractum
401 3512 453 3575 est
475 3511 547 3595 jam
571 3531 630 3575 sex
656 3509 754 3576 annis
776 3510 910 3595 elapsis,
926 3509 977 3575 ita
993 3510 1081 3594 quod
1103 3510 1203 3575 modo
1228 3531 1297 3574 non
1323 3510 1374 3572 in·
1499 3581 1502 3589 Δ

220 3598 343 3663 ·veniut
374 3596 441 3662 nisi
468 3601 599 3661 sextam
632 3603 764 3683 partem
789 3597 942 3681 praedicti
973 3595 1103 3662 servitii
1122 3597 1166 3660 ad
1189 3597 1374 3681 dampnum

225 3687 333 3750 totius
356 3683 456 3770 burgi
476 3683 637 3769 praedicti.
684 3685 765 3750 Ideo
780 3689 984 3769 praeceptum
1005 3686 1058 3748 est
1078 3683 1267 3749 vicecomiti
1285 3684 1375 3768 quod

224 3772 331 3924 {ppiat
355 3793 434 3923 ¹qum
449 3771 562 3836 venire
579 3771 670 3856 apud
692 3771 882 3837 Eboracum
898 3773 934 3834 in
950 3771 1099 3836 crastino
1116 3771 1249 3837 Sanctae
1264 3771 1374 3835 Trini-

281 3879 355 3940 1s3e
373 3879 400 3924 o.

406 4053 561 4120 VILLArs
585 4075 629 4118 DE
653 4054 861 4118 WAENEMUB
884 4073 987 4116 VENI'I'
1009 4072 1076 4116 PER
1098 4053 1203 4118 mm.

291 4208 475 4294 Gregorius
490 4208 532 4274 de
543 4207 749 4275 Warnemue
758 4207 829 4271 fuit
843 4210 1024 4272 coronator
1037 4212 1115 4293 post
1130 4206 1290 4272 ultimum
1300 4209 1377 4289 iter,

226 4297 286 4381 qui
300 4297 400 4362 modo
414 4295 508 4361 venit
523 4300 559 4361 et
573 4294 755 4380 respondet
769 4295 810 4359 de
826 4301 976 4379 tempore
993 4315 1064 4360 suo.
1152 4347 1157 4357 .

291 4450 458 4515 Robertus
474 4449 564 4515 filius
579 4447 738 4515 Nicholai
751 4449 887 4514 furatus
902 4448 972 4513 fuit
987 4471 1092 4514 unum
1108 4448 1227 4515 bovem
1241 4449 1279 4514 in
1293 4452 1374 4518 villa

227 4539 269 4605 de
283 4539 498 4619 Wurnemue,
514 4540 550 4602 et
570 4537 740 4604 subtraxit
764 4559 798 4604 se
814 4542 849 4603 et
863 4536 1110 4619 malcoreditur,
1127 4536 1202 4605 ideo
1218 4538 1376 4625 exigatur
