3272 5092
377 551 491 601 nssrnn
515 551 612 613 noan,
636 553 972 616 nosrnunsnnnsnn,
999 534 1016 601 7
1040 557 1126 602 now.
1150 558 1175 603 1.
1280 537 1342 602 257

192 705 367 772 Johannes
381 706 536 791 queritur
558 708 647 792 quod
671 730 746 774 cum
772 709 845 794 ipse
871 709 926 775 die
952 710 1113 776 Omnium
1137 711 1341 777 Sanctorum

192 792 378 859 invenisset
393 794 505 860 averia
519 795 671 880 praedicti
686 797 883 878 Alexandri,
900 797 1039 879 scilicet,
1055 819 1169 883 equos,
1181 798 1293 882 boves,
1305 803 1341 865 et

192 901 309 945 vaccas
324 880 361 944 in
377 881 524 966 dampno
540 903 611 962 suc,
623 883 762 963 scilicet,
778 885 815 948 in
826 885 971 969 quodam
986 889 1084 970 prato
1100 907 1161 950 suo
1175 889 1258 952 tunc
1270 909 1337 952 non

190 966 328 1046 falcata,
344 970 379 1032 et
395 991 434 1035 ea
449 970 566 1034 eodem
588 970 654 1048 die,
670 972 852 1037 secundum
879 972 986 1056 legem
1004 976 1039 1036 et
1061 974 1339 1039 consuetudinem

192 1055 301 1139 regni,
310 1054 497 1141 imparcare
513 1056 685 1137 voluisset,
702 1058 804 1123 iidem
821 1059 1022 1139 Alexander,
1035 1060 1213 1141 Robertus,
1230 1066 1265 1125 et
1280 1062 1340 1126 alii

192 1163 269 1206 cum
303 1144 465 1228 praedicta
500 1143 671 1209 Oristiana
695 1149 729 1211 et
758 1145 846 1224 aliis,
871 1148 983 1212 averia
1012 1147 1071 1211 illa
1098 1147 1130 1211 vi
1160 1152 1195 1214 et
1224 1149 1339 1230 armis,

192 1228 332 1309 scilicet,
349 1251 425 1294 oum
453 1230 587 1316 gladiis,
604 1236 639 1298 et
665 1233 807 1312 haehiis‚
824 1238 858 1300 et
884 1235 1038 1314 arcubus,
1056 1237 1091 1301 et
1115 1235 1252 1317 sagittis
1268 1257 1339 1300 res-

192 1316 423 1398 sehusserunt,
456 1321 492 1383 et
519 1319 674 1385 homines
700 1319 807 1405 ipsius
836 1321 1004 1385 Johannis
1033 1321 1075 1386 de
1105 1321 1338 1407 Hertweyton,

191 1403 318 1468 ibidem
348 1404 534 1471 existentes
569 1407 840 1486 verberaverunt,
871 1407 1153 1487 wulneraverunt,
1180 1412 1216 1473 et
1240 1409 1341 1475 male-

190 1492 434 1572 tractaverunt,
450 1497 486 1557 et
508 1493 575 1558 alia
595 1494 747 1558 enormia
766 1495 815 1558 eis
833 1494 1034 1573 intulerunt,
1051 1496 1140 1560 unde
1156 1496 1341 1582 dicitquod

191 1577 416 1644 deterioratus
438 1584 492 1644 est
514 1585 549 1644 et
564 1580 749 1664 dampnum
771 1581 874 1647 habet
890 1581 933 1645 ad
949 1581 1133 1647 valentiam
1149 1583 1274 1668 viginti
1291 1584 1338 1648 li’.

191 1665 237 1728 nt
252 1665 331 1731 inde
346 1667 505 1750 producit
520 1672 657 1748 sectam,
674 1671 738 1734 etc.

256 1752 302 1817 Et
316 1752 519 1834 Alexander,
543 1755 722 1834 Robertus,
739 1755 917 1832 Ricardus,
934 1755 1119 1836 Gilbertus,
1136 1756 1340 1838 Willelmus,

190 1840 213 1905 J
215 1839 377 1920 ohannes,
393 1841 597 1921 Willelmus,
625 1842 801 1922 Ricardns,
818 1842 975 1922 Thomas,
1002 1843 1114 1928 Elyas,
1130 1843 1287 1924 Thomas,
1304 1850 1340 1910 et

191 1926 361 1992 Robertus
387 1930 529 1992 veniunt
556 1933 591 1994 et
618 1929 818 1994 deffendunt
839 1929 906 1993 vim
934 1934 968 1995 et
998 1931 1168 2014 injuriam,
1194 1932 1340 2014 quando,

191 2019 256 2079 etc.
302 2015 348 2078 Et
362 2016 515 2100 praedicti
531 2015 722 2081 Alexander
737 2020 772 2080 et
789 2017 956 2082 Robertus
979 2018 1020 2082 de
1044 2017 1232 2083 Botelaund
1255 2019 1340 2085 bene

191 2101 382 2166 defendunt
406 2104 495 2186 quod
518 2103 585 2187 ipsi
610 2124 784 2186 nunquam
810 2104 980 2188 praedietis
1003 2104 1068 2184 die,
1096 2126 1196 2184 anne,
1213 2105 1339 2171 ibidem

192 2189 303 2253 averia
327 2188 439 2273 aliqua
465 2193 707 2270 rescussernnt,
723 2211 786 2256 nec
809 2190 957 2274 aliquam
972 2192 1276 2277 transgressionem
1292 2193 1339 2258 eis

136 2302 139 2306 ·
190 2276 357 2356 iecerunt,
385 2275 473 2343 sicut
496 2277 545 2342 eis
571 2277 725 2362 inponit,
749 2283 881 2362 ponunt
905 2299 940 2343 se
967 2288 1067 2364 super
1092 2279 1248 2364 patriam.
1294 2281 1340 2344 Et

192 2363 368 2428 Johannes
396 2364 437 2430 de
464 2363 679 2451 Herweyton’
707 2364 874 2431 similiter.
920 2366 1002 2431 Ideo
1028 2367 1088 2430 liat
1111 2367 1191 2431 inde
1211 2369 1338 2451 jurata.

192 2451 369 2516 Juratores
396 2451 515 2516 dicunt
544 2472 644 2537 super
670 2455 1039 2517 sac1amentumsuum
1067 2454 1154 2538 quod
1184 2455 1337 2538 praedicti

193 2536 381 2602 Alexander
395 2541 430 2603 et
444 2538 612 2605 Robertns
634 2540 676 2604 de
698 2539 868 2604 Botlannd
890 2539 1060 2624 praedietis
1076 2541 1131 2604 die
1147 2546 1181 2605 et
1197 2562 1287 2605 anno
1307 2541 1340 2606 vi

194 2629 229 2690 et
244 2625 347 2690 armis
363 2624 458 2690 nulla
479 2627 590 2690 averia
615 2649 635 2690 a
657 2627 820 2710 proedicto
847 2627 1004 2693 Johanne
1030 2630 1254 2708 recussernnt,
1279 2650 1340 2694 nec

193 2711 342 2796 aliquam
371 2713 673 2798 transgressionem
704 2713 870 2779 fecerunt.
920 2714 961 2778 hs
985 2714 1060 2778 ideo
1091 2715 1340 2780 consideratum

193 2803 246 2864 est
261 2799 350 2883 quod
365 2799 518 2884 praedicti
536 2800 725 2866 Alexander
740 2805 775 2866 et
790 2801 958 2866 Robertus
982 2801 1062 2865 inde
1091 2801 1163 2866 sine
1183 2801 1247 2867 die.
1293 2803 1339 2866 Et

192 2888 214 2951 J
216 2887 367 2952 ohannes
383 2886 486 2951 nichil
502 2887 616 2972 capiet
630 2909 691 2972 per
704 2887 856 2972 juratam
871 2887 984 2966 istam,
1001 2892 1053 2952 set
1075 2889 1171 2953 sitin
1189 2889 1263 2953 mis'
1278 2911 1340 2973 pro

192 2973 280 3038 falso
296 2973 451 3054 clamore,
467 2977 531 3038 etc.
955 3012 958 3022 ι

257 3061 303 3125 Et
318 3061 470 3145 predicti
485 3061 651 3126 Ricardus
666 3062 739 3126 Ker
753 3065 788 3128 et
802 3061 861 3126 alii
880 3062 998 3126 dicunt
1021 3062 1111 3146 qnod
1132 3065 1340 3129 consuetudo

192 3148 284 3213 illius
303 3148 422 3233 patriae
441 3147 520 3212 talis
537 3152 600 3227 est,
617 3151 706 3233 qnod
720 3153 798 3234 post
813 3151 931 3214 horam
947 3170 1071 3214 nonam
1095 3150 1162 3214 diei
1178 3149 1337 3215 Omnium

193 3237 394 3300 Sanctorum
410 3239 463 3300 est
477 3240 611 3320 tempus
627 3242 780 3322 apertum
803 3237 854 3300 ita
876 3237 966 3321 quod
987 3236 1120 3300 licitum
1136 3241 1188 3302 est
1206 3239 1338 3304 unicui-

191 3342 255 3408 que
269 3324 359 3407 quod
373 3327 483 3407 prata,
498 3344 570 3407 quae
585 3323 678 3408 prius
694 3324 834 3390 fuerunt
846 3325 882 3388 in
893 3323 1033 3390 defenso
1048 3326 1128 3387 ante
1144 3325 1340 3408 praedictam

191 3410 310 3474 horam
325 3430 451 3475 nonam
466 3411 635 3495 praedietae
651 3411 729 3490 diei,
745 3415 824 3495 post
839 3413 979 3476 eandem
996 3411 1113 3474 horam
1127 3432 1201 3476 cum
1218 3413 1340 3476 averiis

190 3496 260 3562 suis
276 3497 393 3563 eadem
408 3503 507 3583 prata
522 3499 664 3583 depasti,
711 3500 756 3562 Et
772 3499 891 3563 dieunt
907 3499 995 3581 quod
1017 3497 1082 3581 ipsi
1105 3503 1182 3582 post
1198 3500 1339 3564 eandem

190 3585 309 3649 horam
325 3606 402 3649 enm
417 3585 539 3651 averiis
563 3585 632 3650 suis
654 3591 820 3650 venerunt
847 3586 889 3650 ad
913 3584 1109 3669 praedictum
1135 3589 1281 3669 pratum,
1305 3591 1340 3651 et

189 3671 274 3736 illud
291 3693 366 3738 cum
383 3673 504 3738 averiis
520 3673 589 3736 suis
605 3672 737 3756 depasti
752 3673 903 3753 fuerumt,
914 3671 1090 3736 simulcum
1114 3672 1234 3736 averiis
1256 3695 1338 3757 prae·

191 3758 275 3824 dicti
297 3758 467 3824 lobannis
494 3760 535 3822 de
563 3759 794 3845 Hertweyton’
811 3759 848 3822 in
872 3758 1032 3844 praedicto
1048 3763 1146 3843 prato
1161 3760 1339 3825 existenti-

191 3847 265 3926 bus,
282 3845 371 3911 sicut
386 3846 434 3910 eis
461 3847 545 3912 bene
569 3845 666 3911 licuit
692 3847 876 3911 seeundum
904 3846 1184 3912 consuetudinem
1211 3847 1338 3931 patriae.

190 3933 236 3997 Et
252 3934 340 4016 qnod
355 3932 449 3998 illam
465 3932 767 4018 transgressionem
783 3935 893 3998 eidem·
907 3933 929 3997 J
931 3932 1057 3996 ohanni
1082 3955 1149 3998 non
1172 3933 1338 4013 iecerunt,

190 4024 324 4105 ponunt
340 4040 375 4084 se
391 4041 490 4106 snper
505 4021 661 4104 patriam.
708 4023 752 4085 Et
767 4022 941 4086 Johannes
958 4020 999 4084 de
1010 4019 1242 4106 Hertweyton'
1256 4021 1340 4085 dicit

190 4107 281 4191 quod
294 4107 476 4192 pradictus
492 4107 658 4171 Ricardus
673 4107 746 4172 Ker
761 4115 797 4173 et
811 4106 870 4170 alii
886 4111 965 4170 ante
982 4108 1099 4170 horam
1115 4129 1239 4172 nonam
1255 4125 1339 4192 prae-

191 4194 283 4259 dieto
299 4195 354 4258 die
370 4193 530 4259 Omnium
552 4195 755 4259 Sanctorum
778 4200 915 4279 pratum
938 4193 1024 4257 illud
1041 4216 1116 4258 cum
1133 4195 1254 4258 averiis
1271 4197 1339 4259 suis

190 4281 324 4365 depasti
340 4281 483 4345 fuerunt
510 4287 545 4346 et
569 4282 660 4366 quod
684 4283 755 4367 ipse
779 4281 892 4345 averia
917 4281 976 4346 illa
1002 4281 1195 4365 inparoasse
1220 4281 1339 4361 voluit,

190 4368 256 4452 ipsi
272 4368 385 4435 averia
400 4367 459 4450 illa
475 4375 718 4434 reseusserunt.
764 4370 810 4432 nt
825 4369 914 4453 qnod
931 4368 981 4432 ita
1004 4367 1049 4432 sit
1073 4369 1159 4452 petit
1176 4369 1265 4451 qnod
1288 4368 1339 4431 in-

189 4455 355 4539 quiratur.
402 4457 447 4519 Et
478 4455 646 4521 Ricardus
678 4462 712 4520 et
743 4455 801 4520 alii
833 4454 999 4519 similiter.
1061 4455 1143 4520 Ideo
1169 4456 1231 4518 fiat
1261 4456 1340 4520 inde

190 4542 317 4632 jurata.
361 4543 383 4610 J
386 4547 539 4612 oratores
571 4544 692 4612 dicunt
723 4563 824 4632 super
848 4549 1099 4610 sacramentum
1126 4563 1224 4606 suum
1254 4544 1342 4626 quod

1192 4649 1208 4696 s
