3280 5112
277 529 320 594 50
430 549 545 594 sssmu
567 549 667 610 noun,
690 549 1029 610 sosrnmnarnun,
1052 530 1095 594 40
1119 549 1202 596 unu.
1226 549 1280 594 111.

277 703 400 768 'finam
436 706 516 788 post
554 702 711 787 primam,
742 707 806 768 eto.
866 703 913 769 Et
942 703 1033 769 unde
1063 703 1218 789 queritur
1246 701 1337 788 quod
1367 701 1434 767 dis-

277 790 409 856 seisivit
434 811 510 856 eum
535 790 576 857 de
609 811 680 857 uno
702 791 896 874 messuagio
918 811 994 855 oum
1017 791 1246 876 pertinentiis,
1273 795 1339 856 eto.
1388 790 1434 854 Et

277 877 480 963 Radulphus
503 877 598 943 venit
621 881 657 943 et
681 877 766 943 dicit
790 879 879 962 quod
902 899 971 942 non
996 877 1180 944 disseisivit
1204 899 1279 942 eam
1294 877 1335 944 de
1350 898 1434 961 prae-

277 965 370 1030 dioto
385 966 587 1050 messuagio,
604 965 684 1049 quia
699 965 784 1030 dioit
800 965 889 1050 quod
907 965 1105 1050 praedictum
1119 965 1349 1050 messusgium
1364 964 1434 1028 fuit

273 1053 331 1136 jus
353 1055 390 1117 et
414 1052 615 1136 perquisitio
636 1053 791 1137 praedicti
814 1051 981 1116 Willelmi
1005 1051 1145 1132 Scotto',
1172 1051 1343 1136 quondam
1369 1049 1434 1115 viri

277 1138 384 1224 ipsius
411 1138 603 1220 Matillidis,
619 1143 655 1203 et
679 1143 757 1224 post
781 1143 925 1206 mortem
945 1139 1053 1224 ipsius
1068 1138 1232 1204 Willelmi
1248 1141 1434 1205 tenuerunt

278 1226 354 1311 ipsa
379 1225 524 1291 Matillis
551 1225 749 1311 etquidem
775 1227 942 1310 Rogems,
969 1226 1059 1291 filius
1089 1230 1125 1291 et
1150 1228 1249 1291 heres
1280 1225 1433 1311 praedicti

277 1311 455 1394 Willelmi,
480 1312 545 1377 viri
572 1313 636 1394 sui,
666 1313 898 1398 messuagium
918 1312 1014 1394 illud,
1029 1312 1080 1378 ita
1096 1313 1186 1397 quod
1201 1313 1289 1378 idem
1306 1309 1433 1377 Radul-

277 1400 366 1485 phus
375 1400 520 1467 Freman
528 1399 1434 1486 posteadispousavitipsamMatillidem,ettsnuerunt

262 1487 508 1570 *messuagium
523 1487 608 1551 illud
624 1486 726 1552 simul
753 1507 829 1551 oum
853 1487 1015 1572 praedicto
1030 1488 1175 1572 Rogero,
1193 1486 1263 1551 filio
1278 1486 1433 1571 ejusdem

276 1573 459 1639 Matillidis
475 1579 509 1638 et
524 1574 679 1658 praedioti
692 1573 859 1639 Willelmi
873 1574 1044 1658 quondam
1055 1575 1120 1640 viri
1136 1575 1200 1654 sui,
1216 1574 1432 1658 perlongum

276 1664 422 1745 tempus,
439 1681 611 1746 quousque
637 1661 822 1726 divortium
845 1663 1053 1726 celebratum
1076 1661 1147 1725 fuit
1167 1661 1341 1726 intereos.
1387 1659 1433 1722 nt

276 1751 356 1832 post
365 1747 549 1812 divortium
561 1749 654 1812 inter
663 1769 720 1813 eos
733 1748 951 1827 celebratum,
964 1748 1135 1814 satisfecit
1146 1747 1219 1832 ipse
1230 1746 1432 1831 Radulphus

276 1833 439 1920 praedioto
453 1834 599 1920 Rogero,
612 1835 683 1900 filio
698 1835 848 1919 ejusdem
859 1835 1051 1916 Matillidis,
1061 1855 1122 1920 pro
1135 1835 1266 1899 duabus
1278 1834 1432 1920 partibus

277 1921 434 2006 ejusdam
460 1921 656 2005 messuagii,
687 1924 723 1986 et
749 1921 853 1986 etiam
884 1921 1053 1989 satisfecit
1082 1921 1147 2007 ipsi
1178 1921 1342 1986 Matillidi
1371 1941 1433 2004 pro

278 2007 384 2073 tertia
408 2013 506 2094 parte
532 2007 683 2092 ejusdem
707 2008 892 2093 messuagii
918 2029 979 2093 per
1014 2030 1072 2074 sex
1104 2029 1248 2088 mareas,
1284 2029 1367 2093 quas
1401 2007 1434 2072 ei

277 2094 383 2159 dedit.
429 2094 476 2159 Et
491 2095 540 2160 sio
554 2115 596 2159 ex
618 2095 709 2159 bona
723 2095 900 2160 voluntate
915 2095 1023 2181 ipsius
1048 2095 1228 2161 Matillidis
1244 2097 1280 2161 et
1296 2095 1432 2180 Rogeri,

278 2181 340 2245 filii
350 2181 436 2267 ejus,
449 2180 614 2249 remansit
629 2183 661 2246 ei
672 2185 785 2246 totum
797 2182 996 2267 praediotum
1005 2183 1234 2267 messuagium
1246 2183 1337 2248 unde
1349 2182 1434 2246 dicit

277 2269 368 2353 quod
383 2290 453 2334 non
468 2268 653 2334 disseisiuit
668 2290 743 2335 eam
758 2269 899 2354 injuste,
914 2275 978 2335 eto.
1024 2270 1070 2334 Et
1084 2269 1228 2334 Matillis
1244 2270 1328 2334 dicit
1344 2268 1434 2352 quod

277 2355 353 2441 ipsa
369 2355 440 2420 fuit
456 2355 592 2422 feofata
605 2356 647 2420 de
663 2355 824 2441 praedicto
845 2357 1038 2442 messuagio
1054 2357 1155 2421 simul
1175 2378 1252 2421 oum
1274 2355 1434 2441 praedioto

278 2441 462 2522 Willelmo,
477 2442 550 2506 viro
565 2463 638 2522 suo,
655 2447 689 2506 et
705 2443 791 2510 bene
807 2444 983 2527 cognoscit
997 2445 1088 2528 quod
1108 2443 1289 2528 praediotus
1303 2442 1432 2507 Radal-

276 2530 365 2630 phus
380 2533 499 2614 postea
514 2527 726 2614 dispensavit
746 2550 831 2609 eam,
849 2530 908 2596 sed
930 2530 1016 2597 dioit
1037 2531 1128 2616 quod
1148 2535 1227 2617 post
1249 2529 1430 2595 divortium

277 2619 370 2682 mter
398 2636 455 2681 eos
486 2615 705 2697 celebratum,
734 2617 900 2682 remansit
928 2617 1003 2702 ipsa
1027 2619 1064 2682 in
1095 2617 1221 2683 seisina
1246 2618 1288 2682 de
1315 2617 1434 2682 eodem

277 2701 764 2877 suessan
787 2702 1434 2878 ussermannus

757 2839 765 2856 ·
1423 2841 1432 2872 r

279 2882 344 2944 eto.

343 2964 366 3031 J
366 2970 521 3030 aratores
536 2965 656 3030 dieunt
668 2963 757 3050 quod
767 2985 883 3032 revera
896 2965 1033 3049 quidam
1044 2965 1250 3048 Willelmus,
1263 2965 1434 3050 quondam

277 3051 330 3117 vir
344 3051 452 3138 ipsius
468 3052 660 3132 Matillidis,
672 3057 707 3118 et
721 3051 796 3138 ipsa
812 3052 957 3117 Matillis
971 3052 1223 3138 perquisierunt
1234 3052 1433 3154 praedictum

277 3139 519 3225 mesuagium,
533 3139 721 3205 tenendum
734 3139 782 3205 eis
795 3143 831 3205 et
842 3139 1024 3206 heredibus
1040 3140 1111 3205 suis
1123 3166 1132 3220 ;
1157 3143 1192 3204 et
1208 3140 1328 3204 dicunt
1344 3139 1433 3223 quod

277 3229 356 3311 post
390 3230 533 3291 mortem
563 3225 671 3312 ipsius
701 3226 879 3307 Willelmi,
910 3229 1074 3294 remansit
1103 3227 1179 3312 ipsa
1221 3226 1366 3292 Matillis
1396 3225 1433 3290 in

277 3311 403 3379 seisina
427 3313 469 3379 de
495 3313 658 3399 praedioto
682 3315 885 3398 messuagi0,
902 3317 938 3378 et
958 3314 1079 3379 dieunt
1102 3315 1193 3399 quod
1209 3314 1282 3399 ipse
1306 3313 1434 3378 Radul·

276 3400 365 3485 phus
380 3403 501 3485 postea
515 3399 727 3485 disponsavit
742 3399 851 3485 ipsam
867 3401 1084 3482 Matillidem,
1094 3406 1130 3466 et
1145 3405 1332 3466 tenuerunt
1347 3421 1435 3465 mes-

277 3487 435 3570 suagium
446 3487 532 3552 illud
542 3487 654 3567 simul,
666 3507 838 3572 quousque
849 3487 1031 3553 divortium
1042 3489 1174 3554 factum
1183 3488 1253 3552 fuit
1265 3489 1433 3555 intereos.

278 3574 325 3637 Et
348 3577 427 3658 post
450 3573 635 3641 divortium
651 3574 746 3656 illud,
763 3573 928 3640 remansit
945 3575 1021 3660 ipsa
1036 3575 1180 3640 Matillis
1197 3575 1234 3639 in
1250 3575 1377 3640 seisina
1393 3577 1436 3640 de

278 3661 442 3745 praedicto
457 3661 649 3747 messuagio
672 3681 845 3745 quousque
868 3661 959 3727 idem
981 3661 1183 3747 Radulphus
1207 3663 1303 3729 dedit
1325 3660 1435 3727 eidem

277 3746 441 3812 Matillidi
466 3768 524 3812 sex
549 3769 680 3814 mareas
703 3767 764 3832 pro
779 3751 855 3813 toto
872 3747 950 3833 jure
966 3770 1038 3829 suo,
1054 3750 1144 3832 quod
1161 3749 1284 3814 habuit
1299 3749 1335 3812 in
1350 3771 1434 3834 prae·

276 3834 369 3899 dioto
384 3835 587 3920 messuagio,
600 3838 635 3900 et
650 3834 736 3920 ipsa,
748 3856 790 3901 ex
804 3835 895 3899 bona
909 3835 1085 3901 voluntate
1101 3857 1173 3917 sua,
1188 3836 1305 3922 posuit
1319 3835 1433 3921 ipsum

278 3921 315 3985 in
332 3921 458 3986 saisina
473 3921 515 3988 de
530 3921 648 3987 eodem
663 3923 867 4006 messuagio,
883 3922 974 3986 uude
990 3923 1110 3988 dieunt
1126 3925 1215 4006 quod
1235 3944 1297 4008 per
1310 3923 1435 3988 bonam

277 4007 491 4074 voluntatem
507 4009 614 4094 ipsius
630 4008 813 4075 Matillidis
825 4009 969 4075 intravit
983 4009 1165 4095 pradictus
1181 4010 1382 4094 Radulphus
1398 4010 1434 4073 in

276 4096 508 4181 messuagium
534 4095 631 4174 illud,
656 4099 692 4160 et
718 4117 788 4161 non
814 4115 875 4180 per
902 4095 1051 4180 aliquam
1077 4096 1304 4162 disseisinam.
1350 4098 1434 4162 Ideo

277 4182 528 4248 consideratum
544 4185 597 4248 est
612 4183 701 4266 quod
715 4181 896 4266 praedictus
920 4183 1122 4269 Radulphus
1141 4183 1221 4249 inde
1238 4185 1312 4249 sine
1329 4184 1383 4249 die
1400 4188 1434 4250 et

277 4267 421 4334 Matillis
436 4269 474 4334 in
489 4270 565 4334 mis'
581 4290 643 4354 pro
658 4268 748 4334 ‘isiso
763 4269 920 4334 elamore.

341 4413 537 4495 Milesenta,
554 4437 627 4500 quse
641 4414 713 4480 fuit
728 4435 814 4480 uxor
827 4415 966 4480 rhome
981 4414 1044 4479 filii
1065 4415 1213 4482 Gilberti
1227 4416 1259 4482 le
1275 4417 1432 4498 Mouner,

276 4501 366 4585 petit
380 4521 496 4569 versus
506 4502 727 4588 Radulphum
743 4502 888 4568 Freman
900 4523 1004 4568 unam
1016 4503 1135 4569 rodam
1150 4507 1249 4571 terrae
1264 4524 1343 4568 oum
1358 4524 1432 4589 per·
