3280 5112
348 539 585 600 neomaenia,
609 539 947 602 condemnamur,
970 521 1013 585 40
1036 541 1120 586 nnn.
1145 541 1198 586 111.
1310 522 1350 585 31

196 693 297 760 annis
320 716 426 760 unam
450 715 600 759 marcam
626 693 678 758 vel
702 693 983 779 preciumunius
1012 715 1145 774 marcae,
1172 694 1353 779 praedictus

197 782 297 846 Prior
311 781 445 846 detinet
460 781 493 846 ei
506 782 706 865 proedictum
728 781 901 846 redditum
924 802 983 864 per
997 803 1104 845 unum
1119 803 1245 845 annum
1263 781 1354 846 unde

197 868 395 952 dicitquod
421 868 659 948 deterioratos,
681 871 735 932 est
760 868 947 953 dampnum
974 868 1078 932 habet
1100 869 1143 933 ad
1167 868 1352 932 valentiam

197 955 306 1033 xxia’,
321 959 386 1021 etc.

262 1042 309 1106 nt
333 1042 432 1106 Prior
452 1063 514 1125 per
535 1043 733 1105 atornatum
757 1062 855 1106 suum
879 1040 973 1104 venit
995 1042 1031 1106 et
1053 1041 1210 1106 defendit
1226 1041 1295 1105 vim
1319 1046 1354 1106 et

197 1127 368 1212 injuriam,
399 1128 545 1211 qnando,
577 1131 641 1192 ete.
688 1128 734 1191 Et
764 1128 849 1192 bene
871 1127 1029 1192 defendit
1052 1129 1141 1211 quod
1170 1127 1353 1212 praedictus

198 1215 367 1299 Magister
388 1235 451 1279 neo
496 1215 734 1279 raedeoessorea
751 1215 804 1278 sui
820 1235 996 1297 nunquam
1018 1214 1160 1280 inerunt
1174 1217 1211 1277 in
1228 1215 1355 1280 seisina

198 1301 241 1365 de
256 1301 418 1386 praedicto
493 1301 569 1365 ditu
583 1300 801 1386 percipiendo
814 1322 873 1384 per
889 1322 1027 1365 manum
1050 1300 1202 1385 praedicti
1225 1301 1353 1364 Prioris

197 1388 251 1452 vel
273 1387 415 1472 alicujus
430 1387 712 1472 praedecessorum
730 1408 879 1468 suorum,
899 1390 935 1451 et
950 1387 990 1453 de
1007 1388 1071 1452 hoo
1087 1408 1122 1454 se
1138 1387 1236 1471 ponit
1251 1408 1354 1471 super

197 1474 356 1558 patriam.
402 1475 449 1538 at
470 1474 652 1560 predictus
675 1474 844 1560 Magister
866 1473 1034 1539 similiter.
1080 1475 1164 1538 Ideo
1187 1475 1249 1539 liat
1274 1473 1353 1540 inde

203 1562 323 1626 ‘urata

198 1582 210 1646 l
263 1647 286 1711 J
287 1651 440 1712 uratores
464 1648 505 1712 de
528 1667 694 1713 consensu
711 1647 861 1731 partium
876 1645 976 1712 electi
992 1647 1112 1712 dicunt
1126 1667 1227 1731 super
1242 1667 1353 1712 sacra·

199 1739 354 1798 mentum
370 1755 469 1798 suum
486 1734 575 1818 quod
590 1732 771 1818 praedictus
787 1734 887 1797 Prior
901 1737 935 1799 et
950 1734 1209 1817 predecessores
1225 1735 1278 1798 sui
1294 1754 1355 1818 per

199 1820 346 1884 multum
360 1824 495 1905 tempus
511 1819 663 1904 quolibet
677 1840 768 1884 anno
780 1819 1001 1885 reddiderunt
1011 1820 1172 1904 praedicto
1184 1820 1353 1905 Magistro

199 1911 235 1972 et
249 1907 548 1992 predecessoribus
565 1907 685 1971 suiset
701 1906 871 1990 praediotis
891 1907 1056 1972 fratribus
1079 1929 1190 1972 unam*
1205 1929 1353 1972 marcam

198 1995 249 2060 vel
265 1994 414 2078 precium
431 1995 534 2058 unius
550 2015 682 2073 marcae,
697 1999 877 2079 postquam
894 1993 1028 2058 Priores
1044 1994 1186 2059 fuerunt
1201 2015 1354 2079 parsonae

198 2081 368 2165 praedictae
383 2079 540 2161 eoelesiae‚
561 2081 603 2144 de
624 2080 771 2163 quadam
792 2080 976 2145 elemosina
1000 2102 1100 2163 quam
1116 2081 1251 2164 quidem
1267 2082 1352 2160 Rex,

200 2168 257 2250 qui
273 2167 369 2231 dedit
383 2167 618 2251 praedecessori
633 2167 786 2250 praedicti
809 2167 937 2230 Prioris
958 2168 1153 2250 praedictam
1179 2166 1353 2232 ecclesiam

199 2254 240 2320 de
266 2254 462 2338 Bamburg’,
489 2253 658 2318 concessit
683 2253 849 2317 iratribus
866 2254 1019 2337 praedicti
1039 2254 1231 2339 hospitalis,
1247 2275 1353 2338 nsque

199 2341 268 2425 jam
287 2341 418 2405 duobus
434 2341 533 2404 annis
549 2340 672 2423 elapsis
696 2340 784 2423 quod
807 2339 988 2423 praedictus
1012 2341 1110 2404 Prior
1132 2341 1181 2406 eis
1204 2340 1355 2405 detinuit

198 2427 398 2512 praedictum
415 2447 566 2491 annuum
583 2426 763 2492 redditum.
810 2426 892 2492 Ideo
915 2426 1168 2491 consideratum
1187 2432 1240 2491 est
1264 2427 1353 2511 quod

199 2514 382 2598 praedictus
397 2513 497 2578 Prior
511 2518 547 2578 et
562 2532 770 2578 successores
787 2512 840 2576 sni
855 2513 1010 2578 deoetero
1026 2514 1172 2578 reddant
1193 2513 1355 2598 praedicto

199 2601 370 2685 Magistro
385 2604 420 2666 et
435 2599 686 2665 successoribus
707 2604 743 2664 et
760 2599 931 2683 praedietis
953 2599 1132 2681 fratribus,
1154 2601 1355 2685 praedictum

200 2708 354 2751 annuum
383 2686 565 2766 redditum,
589 2690 624 2752 et
655 2685 873 2751 satisfaciant
902 2686 1064 2770 praedicto
1094 2687 1262 2772 Magistro
1292 2708 1354 2771 pro

199 2772 381 2858 arreragiis
397 2777 432 2838 et
448 2772 604 2856 dampnis
625 2772 695 2837 suis
711 2772 752 2838 de
767 2773 878 2837 tribus
893 2773 1027 2838 marcis.
1072 2773 1119 2838 Et
1139 2773 1262 2838 sintin
1278 2774 1353 2839 mis'

199 2881 260 2945 pro
275 2861 406 2945 injusta
420 2860 627 2939 detentione,
644 2863 708 2924 etc.

266 2989 436 3054 Robertus
452 2989 493 3053 ds
509 2987 643 3052 Hilton’
659 2987 759 3072 ponit
772 2987 846 3053 loco
862 3009 924 3053 sno
935 2988 1146 3054 Willelmum
1157 2989 1355 3075 Ketelberg’

200 3075 329 3142 versus¹
352 3075 564 3159 Phillippum
587 3073 748 3139 clericum
772 3094 888 3138 versus
912 3075 1061 3139 Alanum
1084 3074 1290 3141 Trenehard’
1314 3077 1355 3140 de

199 3162 326 3248 placito
340 3163 532 3226 warrantiae
548 3165 661 3241 oartae,
677 3164 741 3225 etc.

265 3290 436 3355 Robertus
462 3289 504 3354 de
528 3289 600 3354 Ins’
624 3289 724 3373 ponit
749 3288 822 3353 loco
849 3308 910 3353 suo
932 3288 1135 3354 Michaelem
1159 3291 1200 3354 de
1223 3291 1355 3376 Bayflet
1455 3319 1463 3336 ·

200 3397 316 3531 tieem
340 3375 526 3528 {einardum
550 3376 592 3441 de
619 3374 798 3441 Boteland’
822 3378 858 3442 et
882 3374 966 3441 alios
991 3375 1026 3439 in
1049 3377 1143 3442 brevi
1166 3378 1207 3442 de
1229 3378 1356 3463 placito

237 3485 346 3544 rroe,e
385 3512 393 3528 .

265 3590 433 3656 Ricardus
455 3589 497 3656 de
521 3586 704 3655 Srotevill’2
717 3589 818 3674 ponit
832 3588 906 3654 loco
922 3609 983 3653 suo
998 3589 1120 3673 Elyam
1136 3592 1177 3655 de
1192 3591 1356 3658 Bratford

200 3699 317 3743 versus
332 3677 355 3742 J
357 3679 526 3742 ohannem
542 3676 583 3742 de
599 3676 759 3742 Boulton'
773 3677 814 3740 de
825 3676 952 3760 placito
963 3677 1154 3743 warrantiae
1166 3683 1277 3760 cartae,
1291 3683 1354 3745 etc.

265 3821 441 3886 Walterus
466 3822 507 3885 de
531 3821 690 3902 Fenton'‚
718 3822 776 3905 qui
800 3821 883 3886 tulit
904 3821 1005 3887 breve
1027 3843 1143 3888 versus
1168 3823 1356 3889 Robertum

202 3908 311 3973 filium
327 3907 494 3972 Willelmi
510 3907 551 3972 de
567 3907 770 3973 Trokeland'
786 3909 828 3973 de
843 3908 970 3993 placito
991 3909 1080 3992 quod
1103 3909 1217 3994 capiat
1240 3910 1355 3976 homa-

203 3996 297 4080 gium
313 3999 348 4059 et
362 3995 565 4058 rationabile
581 3995 742 4060 relevium
761 4016 860 4059 suum
883 3995 924 4058 de
946 3994 1053 4061 libero
1075 4000 1272 4060 tenemento
1296 4020 1356 4064 suo

202 4083 291 4166 quod
313 4082 355 4147 de
377 4102 417 4147 eo
440 4084 536 4145 tenet
551 4086 586 4146 et
602 4082 643 4145 de
659 4101 699 4145 eo
714 4085 831 4146 tenere
847 4081 972 4147 clamat
992 4081 1029 4145 in
1050 4082 1195 4163 Pontou,
1211 4083 1357 4149 renitet

201 4168 347 4233 retraxit
363 4189 408 4233 se.
454 4166 538 4232 Ideo
560 4168 633 4252 ipse
656 4171 691 4232 et
706 4167 812 4253 plegii
828 4169 882 4232 sui
905 4169 947 4234 de
965 4171 1199 4253 prosequendo
1215 4169 1253 4233 in
1268 4171 1354 4252 mis’‚

201 4255 357 4406 lclffioei'o
365 4254 392 4371 J,
389 4255 540 4321 ohannes
557 4254 598 4319 de
613 4255 770 4320 Nevrton'
788 4276 889 4340 super
903 4275 1033 4320 moram
1054 4259 1089 4320 et
1104 4256 1299 4322 Willelmus
1315 4259 1356 4324 de

246 4363 319 4408 wen
357 4363 403 4407 n.

319 4509 600 4564 ¹Amistaketorvel.
969 4509 1156 4565 ’Scrutsvilla
