3264 5110
384 547 497 594 999999
519 547 616 611 nonu,
640 547 978 612 99999999999999,
1003 528 1022 595 7
1045 531 1134 595 nou.
1157 549 1181 594 1.
1293 521 1357 590 cot

207 701 386 770 Michaelis
401 703 490 770 circo
503 702 622 769 horem
638 703 859 772 meridianem
873 725 965 770 9999
986 703 1083 790 regni
1097 701 1203 789 Regis
1217 698 1360 766 Henrioi

207 788 289 875 lvjb,
317 810 468 874 quaerens
495 794 675 876 argentum
698 813 759 876 pro
785 792 894 858 tribus
920 792 1025 859 doleis
1050 791 1120 856 vini
1153 791 1196 856 91
1221 789 1359 854 domum

208 877 375 942 iohannis
385 877 447 942 filii
458 877 584 963 Rogeri
597 879 640 944 od
651 899 735 963 opus
746 880 924 965 cujusdam
932 878 1170 945 Vasconiensis
1182 879 1218 941 in
1228 875 1358 941 9111919

209 962 306 1030 Novo
328 965 459 1046 Castro,
475 986 552 1032 cum
568 967 708 1031 9999119
723 967 893 1032 redeundo
909 967 1129 1033 obviaverunt
1144 965 1175 1030 91
1190 963 1359 1028 Robertus

211 1051 252 1118 19
269 1052 508 1133 Sautemureis,
524 1055 559 1117 91
573 1053 743 1119 Robertus
769 1054 810 1120 19
830 1053 940 1134 Virili,
966 1055 1082 1120 Simon
1105 1054 1147 1117 19
1171 1052 1296 1136 Ripun,
1324 1054 1360 1114 91

210 1138 400 1204 Willelmus
435 1139 477 1204 19
509 1139 714 1218 Ρ99991991,
744 1144 780 1206 91
809 1141 939 1206 1999119
965 1140 1209 1226 praemeditato,
1236 1137 1360 1202 insult-

210 1230 354 1293 averunt
364 1226 561 1312 praedictum
578 1227 752 1294 iacobum.
790 1228 837 1293 111
847 1228 1001 1314 praedicti
1011 1228 1179 1293 Robertus
1195 1227 1237 1290 19
1248 1224 1360 1304 Virili,

212 1313 340 1394 Simon,
355 1318 391 1379 91
405 1313 598 1379 Willelmus
608 1336 685 1380 cum
696 1315 835 1393 baculis,
851 1336 893 1380 ex
902 1318 1068 1402 praeoepto
1082 1317 1118 1379 et
1132 1313 1360 1398 inpraesentia

213 1400 355 1466 Roberti
370 1400 610 1482 Soutemcreis,
625 1402 738 1488 ipsum
753 1403 774 1466 J
776 1402 917 1467 eoobum
934 1401 1193 1467 verberaverunt
1208 1404 1243 1466 et
1259 1399 1361 1464 male·

210 1490 445 1553 tractaverunt
460 1493 496 1553 91
509 1488 630 1553 tibiam
653 1489 729 1575 ejus
754 1489 943 1574 fregerunt,
969 1492 1005 1554 91
1029 1493 1149 1574 posteo
1171 1487 1208 1550 in
1231 1487 1360 1551 Luthe-

209 1575 308 1640 burn'
331 1575 558 1661 projecerunt.
604 1576 650 1640 111
669 1575 718 1640 ibi
743 1575 855 1661 ipsum
879 1576 1135 1641 semimortuum
1159 1573 1361 1639 dimiserunt

212 1683 384 1747 quousque
399 1682 459 1746 per
473 1663 636 1746 quosdam
652 1665 777 1729 amicos
792 1685 870 1729 suos
892 1667 1046 1748 portatus
1061 1663 1132 1727 fuit
1154 1661 1198 1726 91
1224 1662 1361 1726 domum

210 1750 233 1814 J
235 1749 380 1814 ohannis
394 1747 426 1814 19
443 1749 597 1834 Fleming
620 1750 679 1815 ubi
701 1751 741 1815 de
764 1750 925 1835 praedicto
939 1751 1154 1815 verberatum
1169 1748 1254 1813 obiit
1269 1749 1362 1812 infre

213 1842 284 1902 tres
321 1836 529 1921 septimanos
566 1841 755 1921 sequentes.
815 1839 862 1902 111
897 1838 1077 1923 9199119199
1116 1837 1292 1902 Johonnes
1329 1835 1361 1899 lc

213 1921 368 2009 Fleming
382 1923 467 1988 19911
483 1923 622 2008 sepelire
638 1924 835 2008 praedictum
851 1927 1022 1990 mortuum
1037 1924 1110 1989 9199
1129 1923 1204 1989 9199
1222 1942 1361 1989 999999-

214 2009 299 2075 toris
316 2031 377 2077 999
392 2010 516 2076 levavit
530 2011 715 2091 hutesium,
730 2011 806 2077 1199
829 2014 873 2078 91
886 2012 1053 2099 judicium
1069 2012 1110 2076 19
1125 2032 1175 2076 99.
1221 2011 1268 2074 Et
1282 2009 1363 2094 quio

213 2097 341 2183 burgus
367 2097 409 2163 19
434 2096 531 2163 Novo
554 2098 675 2163 Castro
700 2098 804 2164 talem
829 2099 933 2165 habet
956 2099 1149 2164 libertatem
1171 2097 1260 2182 quod
1283 2099 1364 2161 9991

214 2184 262 2250 ibi
292 2186 506 2252 coronatores
537 2185 579 2250 19
608 2184 772 2251 electione
802 2186 1032 2272 burgensium,
1059 2185 1110 2250 119
1135 2185 1225 2270 quod
1249 2182 1363 2248 nullus

215 2277 393 2337 coronator
408 2271 598 2338 forinsecus
614 2293 649 2339 99
665 2272 765 2339 debet
779 2273 1006 2340 intromittere
1029 2273 1070 2337 19
1092 2272 1203 2356 ulique
1220 2269 1362 2356 inquisi-

215 2359 311 2425 tione
325 2357 484 2426 iacienda
511 2359 553 2424 de
577 2358 726 2439 19199119,
750 2382 823 2444 quae
846 2360 939 2425 19119
962 2360 1092 2426 dictum
1115 2360 1260 2444 burgum
1276 2358 1363 2424 9991-

155 2519 162 2530 ,
215 2446 337 2524 derint,
353 2444 498 2511 9199119
512 2445 689 2531 inquisitio
704 2446 882 2512 199191911
898 2447 939 2512 19
954 2445 1062 2512 'morte
1102 2446 1232 2512 raedicti
1245 2446 1364 2512 Jacobi

215 2555 236 2598 9
261 2533 316 2598 dic
341 2533 455 2599 obitus
482 2535 535 2598 sui
557 2553 648 2597 9999
672 2533 770 2618 regni
791 2533 893 2618 Regis
919 2532 1061 2599 Henrioi
1078 2470 1165 2620 1911),
1189 2534 1363 2618 usquead

216 2620 305 2686 diem
316 2621 440 2685 Mortis
451 2619 487 2683 in
499 2620 690 2705 septimana
704 2620 922 2686 Pentecostes
939 2643 1029 2686 9999
1044 2621 1140 2705 regni
1157 2620 1260 2706 Regis
1273 2641 1363 2687 nunc
1379 2643 1384 2655 ·

216 2707 372 2786 9999919,
390 2706 546 2772 comisto
564 2707 1057 2773 191991919919191999119119
1073 2712 1108 2773 et
1118 2707 1290 2773 notorium
1306 2706 1362 2788 sit,

216 2815 279 2860 neo
295 2793 399 2860 etium
414 2794 592 2879 praedictos
608 2794 843 2861 malefactores
859 2794 1127 2875 utochiuverunt,
1143 2815 1251 2879 neque
1272 2815 1366 2879 cepe-

215 2885 308 2961 runt,
319 2903 379 2982 per
394 2881 482 2966 quod
497 2884 594 2965 patet
610 2882 699 2966 quod
713 2884 787 2948 tota
799 2881 1024 2948 communitos
1034 2882 1134 2967 burgi
1150 2882 1365 2948 consentiens

216 2968 351 3036 exstitit
379 2969 422 3034 91
451 2969 647 3054 praedictem
672 2968 835 3035 telonium
859 2968 1161 3050 1991991919,1199
1187 2969 1296 3053 primo
1321 2968 1366 3033 91

217 3055 386 3141 judicium
414 3057 455 3120 de
485 3055 616 3121 Thomu
645 3056 834 3122 Withewel'
871 3062 907 3123 et
936 3056 1085 3122 Robcrto
1122 3057 1163 3121 19
1201 3056 1365 3136 81919919,

217 3142 482 3222 coronatoribus,
513 3146 548 3206 91
584 3146 704 3229 posteo
740 3144 782 3208 de
818 3144 975 3208 Johennc
1010 3143 1079 3209 filio
1116 3143 1252 3228 Rogeri,
1283 3149 1366 3209 tuno

218 3230 357 3316 majore,
374 3228 530 3295 19199999
547 3230 719 3315 Flcmeng,
744 3230 820 3295 Ado
846 3230 887 3295 (19
913 3230 1129 3315 Pompeden',
1152 3230 1283 3296 Thoma
1296 3231 1367 3296 fflio

219 3317 361 3383 Henrioi
376 3317 417 3381 19
432 3315 602 3396 Κ9919919,
619 3317 750 3382 ballivis
766 3318 919 3401 ejusdem
935 3318 1045 3403 burgi.
1084 3319 1129 3382 Et
1143 3321 1218 3382 1919
1227 3317 1366 3384 libertos

218 3404 1368 3576 1111111111111111111111111111111

220 3599 352 3664 semper
374 3597 514 3642 monens
528 3578 598 3642 fuit
614 3581 650 3642 et
665 3599 865 3644 conversans
880 3579 917 3642 in
932 3580 1040 3665 burgo
1056 3601 1077 3644 9
1090 3578 1145 3645 die
1159 3579 1294 3643 feloniae
1308 3601 1369 3664 per

218 3668 423 3752 pracceptum
445 3665 552 3749 ipsius
574 3665 677 3731 iuctae
699 3687 805 3751 usquc
829 3667 873 3730 91
896 3666 1076 3732 adventum
1100 3666 1367 3752 justicioriorum

220 3774 321 3833 nunc,
337 3753 413 3818 1199
429 3773 545 3818 omnes
561 3753 619 3836 qui
636 3753 777 3836 majores
801 3756 836 3817 91
858 3752 972 3818 bellivi
988 3774 1010 3817 9
1023 3756 1175 3838 tempore
1190 3752 1248 3818 illo
1264 3774 1368 3836 usquc

221 3860 313 3905 nunc
360 3839 565 3919 exstiterint,
615 3839 803 3924 capientur,
851 3839 1019 3920 videlicet,
1063 3841 1236 3905 Johnnnes
1280 3841 1369 3906 filius

221 3926 357 4012 Rogeri,
396 3927 566 3992 Homicus
597 3926 628 3993 le
661 3928 752 4006 Scot,
782 3931 818 3990 91
847 3927 994 3992 Thomas
1031 3928 1073 3992 19
1102 3927 1273 4008 Κ9919919,
1311 3928 1370 4012 qui

222 4015 364 4100 majores
394 4013 546 4093 fuerunt,
578 4016 613 4078 91
641 4013 815 4079 Johunnes
852 4013 1018 4099 Fleming,
1055 4014 1166 4079 Adam
1203 4015 1244 4078 19
1270 4015 1369 4079 Pem-

220 4101 341 4188 peden,
376 4100 522 4165 Thomas
553 4100 642 4165 filius
672 4100 816 4166 Henrioi
846 4101 887 4166 19
916 4101 1087 4182 Kerleolo,
1118 4101 1307 4166 Willelmus
1337 4102 1369 4170 19

224 4189 428 4273 Frouuceys,
458 4187 628 4252 Henrious
662 4188 703 4253 19
732 4188 945 4274 Brumpton',
976 4188 1080 4273 Hugo
1110 4189 1151 4253 19
1188 4189 1368 4270 Merchcle,

223 4274 389 4341 Ricardus
405 4274 495 4341 1919
509 4275 618 4359 Hoye,
641 4274 745 4360 Hugo
760 4275 801 4340 19
817 4275 988 4356 Knrlcolo,
1003 4275 1114 4340 Adam
1129 4276 1170 4340 19
1186 4274 1370 4358 Blukeden,

224 4362 394 4427 Robertus
424 4361 466 4427 19
496 4361 642 4441 Lindes',
674 4362 1094 4443 11919919919Μ111991,
1124 4363 1298 4427 lohannes
1329 4363 1371 4429 19

221 4449 400 4530 Buruton',
432 4452 468 4513 91
496 4449 661 4514 Riccrdus
691 4448 780 4513 filius
810 4449 946 4536 Rogeri,
986 4450 1042 4535 qui
1071 4449 1186 4515 ballivi
1219 4449 1370 4518 fuerunt.

221 4537 348 4606 Postea
372 4539 641 4626 9999999919
665 4536 863 4626 predictum
881 4536 1092 4604 Willelmum
1114 4536 1147 4604 lc
1169 4537 1371 4627 Fruunoeys,
