3278 5104
355 517 470 563 sssma
492 517 588 579 nonu,
612 517 950 578 remurmurans,
974 498 1016 562 53
1039 517 1121 564 nun.
1144 519 1197 564 111.
1293 497 1356 562 169

206 669 384 737 duodecim
398 693 554 738 acrarum
568 675 677 754 terra,
694 693 770 740 cum
785 671 1015 760 pertinentiis,
1030 672 1067 738 in
1082 672 1301 755 Ulkilleston,
1316 675 1357 738 ut

204 757 262 845 jus
278 779 376 824 suum
391 781 451 846 per
465 761 564 826 breve
579 761 621 826 de
636 760 944 846 consanguinitate.
1223 769 1229 780 '

269 846 316 918 Et
343 846 474 913 Alanus
503 851 539 913 et
568 848 683 935 Agnes
712 849 866 930 veniunt,
889 851 924 914 et
950 847 1146 915 concordati
1175 852 1266 914 sunt.
1311 847 1357 912 at

204 931 334 998 Alanus
350 938 385 1002 et
399 935 516 1021 Agnes
530 935 616 1001 dant
630 934 807 1001 dimidiam
822 956 971 1001 marcam
986 957 1047 1022 pro
1062 935 1203 1001 licentia
1223 955 1357 1001 concor-

206 1020 310 1084 dandi
323 1043 384 1107 per
404 1023 555 1108 plegium
576 1021 730 1108 praedicti
753 1023 900 1089 Thomae.
945 1025 990 1088 Et
1008 1026 1061 1090 est
1083 1023 1263 1090 concordia
1276 1021 1357 1088 talis

206 1109 294 1192 quod
309 1109 491 1194 praedictus
505 1110 651 1176 Thomas
666 1110 815 1176 remittit
828 1113 953 1193 totum,
969 1114 1046 1191 etc,
1069 1132 1130 1195 pro
1153 1133 1223 1176 una
1242 1130 1357 1176 marca

206 1194 350 1279 quamsi
365 1197 449 1262 dant
460 1197 641 1264 instanter.

270 1333 440 1400 Robertus
468 1335 511 1400 de
539 1333 686 1416 Donum,
714 1334 803 1400 filius
833 1334 1048 1420 Ermegeriae,
1078 1335 1238 1420 cognovit
1268 1333 1357 1419 quod

206 1419 338 1485 remisit
352 1426 387 1486 et
401 1421 555 1507 quietum
570 1422 730 1488 clamavit
744 1423 786 1488 de
802 1443 837 1488 se
853 1426 888 1490 et
902 1423 1082 1490 heredibus
1098 1423 1168 1488 suis
1184 1421 1357 1487 Willelm0

206 1507 248 1573 de
273 1507 423 1576 Hsltone
447 1513 483 1575 et
506 1509 685 1575 heredibus
709 1511 779 1575 suis
805 1513 917 1575 totum
939 1509 997 1595 jus
1027 1513 1062 1576 et
1086 1509 1244 1574 clamium
1268 1509 1356 1594 quod

205 1594 327 1660 habuit
342 1596 395 1661 vel
408 1597 533 1663 habere
546 1599 660 1683 potuit
674 1597 712 1661 in
728 1618 797 1662 uno
811 1597 996 1683 mesuagio,
1019 1597 1145 1682 viginti
1160 1601 1195 1662 εὴ
1211 1602 1357 1681 quatuor

206 1683 294 1747 acris
314 1687 425 1764 terrae,
446 1706 524 1751 cum
544 1685 774 1770 pertinentiis,
797 1685 834 1748 in
855 1683 1002 1765 Beuum,
1017 1685 1107 1750 sicut
1127 1683 1261 1770 plenius
1277 1704 1355 1748 con-

206 1769 338 1836 tinetur
361 1771 398 1834 in
425 1772 571 1856 quodam
595 1773 722 1857 scripto
748 1772 838 1857 quod
861 1772 951 1838 idem
977 1771 1170 1837 Willelmus
1195 1772 1301 1838 habet
1316 1771 1357 1838 de

205 1857 366 1942 praedicto
381 1858 542 1926 Robert0.

271 1994 418 2063 Michael
444 1996 486 2060 de
511 1995 644 2061 Killum
671 1996 897 2062 summonitus
925 1997 996 2062 fuit
1019 1997 1063 2062 ed
1085 1995 1358 2083 respondendum

206 2083 289 2148 Adae
305 2083 346 2148 de
362 2083 568 2169 Edlingham
584 2083 626 2151 de
640 2083 767 2169 placito
783 2085 873 2168 quod
887 2084 1008 2151 reddet
1022 2084 1054 2152 si
1070 2088 1200 2171 septem
1214 2105 1356 2164 marcas,

206 2191 289 2254 quas
305 2171 337 2235 ei
352 2171 453 2237 debet
468 2175 503 2236 et
516 2171 648 2256 injuste
663 2172 805 2252 detinet,
822 2175 885 2238 eto.
930 2172 976 2236 Et
992 2172 1080 2239 unde
1102 2173 1254 2255 queritur
1268 2171 1357 2256 quod

207 2277 282 2322 cum
313 2257 467 2323 vendidit
496 2259 676 2342 quemdam
705 2279 839 2342 equum,
863 2279 953 2324 anno
969 2258 1227 2345 quadragesimo
1253 2279 1356 2339 nono,

206 2343 367 2429 praedicto
382 2344 545 2410 Michaeli
559 2366 622 2432 pro
637 2345 762 2432 viginti
777 2350 812 2411 et
826 2347 937 2412 tribus
953 2346 1076 2412 marcis
1091 2347 1200 2412 eidem
1224 2345 1358 2412 solven-

207 2431 269 2512 dis,
299 2431 480 2517 pradictus
509 2432 659 2498 Michael
683 2433 814 2518 injuste
843 2432 876 2498 ei
910 2433 991 2498 inde
1021 2433 1152 2499 detinet
1178 2433 1358 2518 praedictus

207 2522 336 2603 septem
351 2539 494 2600 marcas,
509 2524 544 2587 et
567 2521 598 2585 ei
620 2521 756 2587 reddere
778 2520 993 2598 contradicit,
1009 2524 1045 2585 et
1060 2520 1149 2586 unde
1165 2521 1249 2586 dicit
1271 2520 1360 2605 quod

207 2605 432 2673 deterioratus
461 2610 515 2672 est
543 2612 578 2672 et
608 2606 793 2693 dampnum
823 2607 929 2672 habet
958 2608 1002 2672 od
1030 2607 1214 2672 valentiam
1244 2607 1360 2674 decem

208 2714 418 2845 ffirfflffim'·
426 2696 461 2761 et
475 2694 554 2844 infide
569 2694 727 2797 producit
737 2698 874 2846 sectaim,
887 2698 951 2760 etc.
997 2694 1310 2845 EPtMichaelvenit
1325 2698 1360 2796 et

209 2783 1359 2955 8111111εὴΜὶῗῖὲθῗᾶαῗὲῗιξιᾞᾶῗαὲῗιιῗιοξωῖῗὸΙίοθῗιειξθιιᾶοοξιοοῗιξὲἒῖἶξι.

207 2956 253 3020 Iit
267 2959 321 3020 est
336 2957 516 3021 concordia
529 2956 609 3021 talis
624 2957 714 3041 quod
728 2956 909 3041 praedictus
926 2956 1075 3023 Michael
1090 2956 1251 3042 cognovit
1269 2957 1359 3042 quod

209 3042 310 3109 debet
332 3042 495 3128 praedicto
516 3043 600 3109 Adse
625 3042 805 3128 proedictas
836 3046 964 3128 septem
994 3065 1125 3108 marcas
1156 3050 1191 3109 et
1222 3044 1299 3109 illas
1329 3043 1361 3112 ei

209 3130 328 3195 reddet
351 3131 395 3194 ad
416 3129 545 3195 festum
562 3131 680 3196 Sancti
697 3129 876 3196 Michaelis
891 3132 955 3197 hoc
970 3151 1072 3212 anno,
1088 3135 1123 3196 et
1138 3132 1205 3196 nisi
1227 3131 1361 3212 fecerit,

211 3217 367 3282 concedit
388 3217 478 3302 quod
492 3217 677 3283 vicecomes
691 3217 800 3284 faciat
815 3219 857 3283 de
872 3219 973 3283 terris
988 3222 1024 3284 et
1046 3218 1189 3300 catallis,
1205 3222 1270 3284 etc.
1315 3220 1361 3283 Et

210 3305 386 3456 gupgplhoc
397 3305 487 3455 iderp
493 3304 648 3457 aeiitlrlhalpll
658 3304 942 3458 ἱιιιοᾶιίῡὲιίἷίιίῗ
959 3305 1099 3408 scilicet,
1110 3305 1364 3458 Ι(αἰιιγοῗιιιιιι1ιιᾶιι

233 3411 462 3458 earrune
579 3413 597 3458 e
646 3413 705 3456 um
755 3415 773 3458 e
885 3413 964 3458 en
1015 3415 1051 3457 ιιι
1089 3412 1176 3457 unci
1234 3415 1363 3460 esme

210 3479 420 3545 devenerunt
446 3479 625 3546 debitores.
670 3480 717 3544 ut
746 3500 807 3565 pro
837 3480 912 3559 hac,
938 3414 1015 3562 et'oll,
1046 3414 1227 3567 pladicffi
1253 3481 1364 3546 Adam

209 3565 359 3666 remittit
382 3566 543 3652 praedicto
567 3565 730 3632 Michaeli
756 3567 870 3668 omnia
895 3567 1043 3668 dampna
1071 3589 1144 3670 quse
1167 3567 1302 3634 dicebat
1329 3588 1364 3632 se

486 3677 498 3718 1
659 3676 772 3721 n1u1
911 3676 928 3719 c
1030 3676 1147 3721 cumae.

212 3653 372 3719 habuisse
387 3674 484 3720 occas
499 3675 564 3720 one
580 3654 659 3719 dete
684 3660 735 3720 to
774 3655 910 3740 spraed1
929 3652 973 3720 tae
986 3677 1028 3741 pe

276 3808 396 3874 Assise
410 3807 505 3873 venit
519 3809 737 3896 recognitum
753 3807 782 3873 si
797 3808 820 3872 J
821 3809 974 3876 ohannes
988 3809 1079 3874 filius
1100 3808 1252 3891 Patricii,
1268 3813 1366 3896 pater

212 3896 235 3963 J
236 3895 382 3961 ohannis
397 3895 460 3960 filii
473 3897 496 3961 J
497 3897 642 3962 ohannis
658 3895 721 3960 filii
736 3895 890 3978 Patricii‚
905 3896 975 3961 luit
991 3897 1137 3981 seysitus
1149 3897 1185 3960 in
1197 3896 1367 3963 dominico

214 4005 275 4050 suo
300 3987 342 4049 ut
367 3985 409 4050 de
433 3984 535 4049 feodo
557 3983 599 4048 de
621 4004 691 4048 uno
712 3984 805 4049 tofto
827 3989 862 4049 et
884 3984 1042 4050 undecim
1063 3985 1149 4049 acris
1164 3989 1274 4065 terrae,
1290 4005 1366 4050 cum

214 4071 442 4158 pertinentiis,
465 4072 503 4135 in
524 4071 743 4156 Edlingham,
767 4070 821 4136 die
844 4091 921 4156 quo,
948 4075 1012 4137 etc.
1058 4071 1160 4153 Etsi,
1176 4075 1240 4137 eto.
1285 4071 1368 4153 Quae

212 4158 343 4224 toftum
359 4163 395 4224 et
409 4162 537 4224 terrum
553 4157 728 4226 Gilbertus
744 4157 834 4224 filius
849 4158 872 4222 J
872 4158 1018 4225 ohannis
1044 4162 1151 4240 tenet,
1179 4158 1236 4244 qui
1260 4160 1364 4240 venit,

214 4250 250 4312 et
276 4244 383 4313 nichil
405 4245 490 4312 dicit
503 4265 607 4331 quare
623 4245 732 4311 assisa
745 4249 921 4313 remaneat
942 4245 1010 4311 nisi
1032 4249 1167 4311 tantum
1184 4247 1272 4331 quod
1286 4268 1369 4333 prse-

214 4333 327 4400 dictus
353 4332 541 4414 Johsnnes,
569 4333 611 4398 de
637 4333 736 4418 cujus
759 4336 880 4414 morte,
904 4337 981 4413 etc,
1001 4353 1063 4419 per
1077 4333 1217 4420 longum
1232 4337 1367 4420 tempus

214 4424 295 4488 ante
318 4423 464 4489 mortem
495 4441 592 4488 suam
621 4420 780 4486 feoffavit
804 4420 884 4486 inde
915 4421 1095 4505 quamdam
1125 4421 1368 4508 Margaretnm,

214 4509 321 4574 filiam
346 4530 454 4591 suam,
479 4511 515 4577 et
541 4529 615 4577 eam
639 4507 720 4576 inde
741 4508 858 4595 posuit
879 4507 916 4573 in
936 4508 1081 4595 seysina,
1097 4512 1133 4575 et
1147 4510 1237 4594 quod
1251 4509 1370 4576 eadem
