3264 5110
270 562 334 625 292
443 581 556 626 xssxan
579 581 677 642 noun,
700 578 1037 639 normannensis,
1061 557 1080 623 7
1103 577 1190 623 nov.
1213 578 1237 622 1.

271 737 361 821 quod
386 737 432 801 sit
455 735 498 802 ad
521 735 701 822 profetiam
724 733 908 802 terminum
924 733 967 800 ad
983 731 1191 819 sequendum
1213 730 1325 812 simul,
1345 731 1422 810 etc,

271 823 300 888 si
316 821 470 904 voluerit,
486 825 549 890 etc.

337 1005 360 1070 J
361 1004 512 1072 ohannes
535 1003 705 1070 Leverhill
727 1002 853 1088 optulit
870 1023 906 1068 se
921 1001 1000 1088 iiijv
1015 1001 1070 1069 die
1084 1021 1200 1068 versus
1218 999 1424 1066 Willelmum

273 1092 404 1177 Oomyn
419 1097 454 1158 et
468 1092 491 1157 J
492 1091 660 1157 ohannem
681 1091 723 1157 de
747 1089 897 1157 Graham
919 1090 962 1155 de
982 1089 1109 1174 placito
1131 1109 1234 1174 quare
1255 1089 1292 1152 in
1312 1088 1424 1173 ipsum

206 1259 209 1264 Δ
274 1179 365 1265 apud
380 1179 403 1244 J
403 1179 587 1245 edevvorth’
602 1178 768 1244 insultum
782 1178 947 1259 fecerunt,
967 1181 1003 1243 et
1025 1177 1137 1262 ipsum
1153 1175 1424 1256 verberaverunt,

273 1266 535 1333 vulneraverunt
549 1271 583 1332 et
599 1266 930 1345 maletractnverunt,
947 1267 984 1330 et
1004 1264 1073 1330 alia
1087 1263 1238 1329 enormia
1255 1263 1287 1330 ei
1301 1262 1425 1328 intule-

274 1357 366 1434 runt,
378 1357 454 1435 etc,
466 1357 586 1419 contre
594 1374 722 1440 paoem,
743 1357 807 1418 etc.
842 1353 888 1416 lllt
898 1351 964 1439 ipsi
976 1372 1044 1417 non
1055 1351 1208 1417 veniunt.
1241 1351 1288 1415 ut
1299 1350 1425 1436 pluries

275 1441 432 1507 fecerunt
453 1439 611 1507 defaltas.
657 1440 739 1506 Ideo
761 1443 966 1526 pmceptum
981 1443 1034 1506 est
1049 1437 1238 1504 vicecomiti
1253 1437 1342 1522 quod
1358 1437 1426 1502 dis-

275 1528 409 1614 tringat
430 1548 487 1593 eos
508 1548 569 1613 per
584 1549 700 1594 omnes
722 1530 842 1608 terras,
865 1531 943 1606 etc,
963 1530 999 1592 et
1014 1525 1103 1611 quod
1119 1525 1160 1592 de
1175 1525 1333 1605 exitibus,
1349 1528 1424 1604 ete,

276 1619 311 1682 et
327 1615 416 1699 quod
431 1614 556 1679 habeat
576 1635 716 1701 corpore
737 1634 854 1680 eorum
874 1613 911 1678 in
927 1613 1066 1681 Octabis
1088 1615 1222 1679 Sancta
1243 1611 1426 1677 Trinitatis

276 1702 367 1787 apud
381 1701 580 1783 Eboracum,
597 1705 662 1768 etc.

342 1899 488 1964 Thomas
504 1899 546 1965 de
561 1898 725 1978 Karlielo‚
741 1899 908 1965 Ricardus
924 1898 966 1964 de
980 1897 1070 1984 Hay,
1086 1897 1191 1984 Hugo
1211 1896 1254 1964 de
1274 1895 1426 1965 Merche-

277 1985 362 2070 leve,
378 1990 414 2051 et
428 1986 598 2052 Henricus
614 1987 655 2051 de
670 1987 845 2052 Burneton
868 1988 909 2052 de
933 1985 1029 2052 Novo
1044 1985 1165 2052 Castro
1180 1984 1378 2071 optulerunt
1393 2006 1429 2049 se

276 2073 355 2158 iiijc
372 2073 428 2138 die
451 2093 565 2138 versus
587 2073 610 2138 J
611 2075 781 2139 ohannem
803 2073 982 2138 Hawelton
1006 2072 1048 2138 de
1063 2072 1188 2159 placito
1203 2073 1293 2157 quod
1307 2072 1428 2137 reddat

278 2159 328 2226 eis
349 2159 474 2244 viginti
496 2163 531 2224 et
553 2160 701 2245 quinque
718 2161 765 2240 li’,
782 2182 865 2245 quas
881 2160 929 2227 eis
944 2160 1080 2238 debent,
1103 2164 1167 2226 etc.
1212 2161 1258 2224 Et
1272 2160 1344 2245 ipse
1359 2180 1427 2224 non

276 2246 381 2313 venit.
426 2247 471 2312 Et
485 2252 688 2333 praeceptum
711 2247 781 2314 fuit
794 2247 985 2314 vicecomiti
999 2248 1087 2332 quod
1103 2246 1325 2314 summoniret
1340 2269 1428 2328 eum,

280 2338 344 2400 etc.
390 2334 436 2398 Et
457 2334 640 2400 vicecomes
663 2335 767 2401 nichil
790 2335 868 2401 inde
890 2335 974 2400 fecit
997 2339 1050 2401 set
1063 2337 1212 2400 testatur
1226 2335 1316 2419 quod
1330 2333 1429 2399 breve

148 2442 162 2486 ι·
279 2421 364 2485 adeo
388 2421 486 2486 tarde
511 2421 606 2486 venit
632 2423 721 2506 quod
747 2422 832 2486 illud
856 2421 975 2507 exequi
990 2443 1060 2487 non
1074 2423 1198 2507 potuit.
1244 2422 1326 2487 Ideo
1342 2423 1431 2486 sicut

278 2507 372 2594 prius
397 2511 602 2594 pmceptum
627 2511 680 2574 est
703 2508 893 2575 vicecomiti
915 2509 1005 2593 quod
1028 2509 1233 2575 summoniat
1248 2529 1324 2574 eum
1340 2509 1431 2593 quod

279 2594 325 2660 sit
348 2595 437 2680 apud
460 2596 648 2661 Eborccum
670 2597 708 2660 in
730 2596 869 2664 Octabis
893 2597 1026 2662 Sancta
1045 2596 1234 2662 Trinitatis.
1279 2597 1326 2661 ut
1340 2597 1430 2661 unde

278 2682 463 2749 vicecomes
476 2686 634 2764 testatur,
650 2687 714 2750 etc.

345 2863 450 2948 Hugo
463 2861 555 2928 filius
575 2861 739 2930 Willelmi
762 2865 889 2951 optulit
905 2886 940 2931 se
955 2864 1034 2950 iiijto
1049 2863 1104 2930 die
1119 2885 1234 2932 versus
1248 2864 1430 2950 Hugonem

279 2948 387 3015 filium
404 2949 552 3017 Simonis
575 2949 617 3015 de
639 2951 885 3038 Karlhedeleye
911 2953 953 3018 de
979 2951 1106 3038 placito
1120 2951 1222 3017 unius
1237 2953 1431 3038 messuagii‚

280 3057 340 3103 sex
365 3037 545 3118 toitorum,
573 3038 753 3123 sexaginta
784 3060 938 3105 acramm
961 3043 1070 3120 terrae,
1102 3042 1249 3124 quatuor
1278 3061 1433 3105 acrarum

280 3124 382 3210 prati,
408 3129 443 3190 et
467 3124 658 3209 quindecim
683 3126 715 3189 d'
739 3126 892 3192 redditus
919 3148 997 3191 eum
1021 3125 1238 3212 pertinentiis
1258 3125 1295 3191 in
1310 3127 1431 3195 Karle·

280 3211 450 3296 hedeleye,
475 3233 550 3296 quae
572 3211 698 3277 clamat
719 3215 758 3276 ut
778 3213 837 3299 jus
859 3234 968 3292 suum,
984 3216 1048 3279 etc.
1095 3215 1141 3278 Et
1155 3215 1227 3299 ipse
1242 3235 1311 3279 non
1327 3214 1432 3280 venit.

280 3299 327 3362 Et
349 3303 553 3384 praeceptum
579 3298 649 3363 fuit
672 3299 860 3365 vicecomiti
885 3301 973 3385 quod
996 3302 1217 3367 summoniret
1239 3323 1315 3368 eum
1342 3303 1432 3386 quod

280 3388 371 3450 esset
385 3385 441 3452 hic
463 3385 507 3450 ad
528 3386 620 3451 hunc
641 3384 741 3452 diem.
787 3388 833 3452 ut
847 3386 1029 3455 vicecomes
1051 3387 1158 3454 nichil
1178 3388 1257 3453 inde
1271 3389 1364 3468 fecit,
1381 3393 1434 3454 set

280 3475 429 3536 testatur
451 3473 541 3556 quod
562 3472 662 3538 breve
685 3473 769 3539 adeo
791 3475 887 3540 tarde
907 3475 1011 3556 venit,
1028 3477 1115 3560 quod
1130 3475 1215 3540 illud
1230 3475 1348 3560 exequi
1364 3498 1433 3542 non

281 3559 405 3644 potuit.
462 3560 543 3624 Ideo
577 3560 666 3625 sicut
696 3561 790 3646 prius
816 3567 1020 3648 praeceptum
1047 3569 1099 3628 cst
1124 3563 1314 3629 vicecomiti
1343 3565 1433 3647 quod

282 3647 489 3711 summoniat
504 3667 580 3711 eum
598 3647 686 3731 quod
702 3647 747 3712 sit
762 3649 852 3733 apud
874 3649 1063 3716 Eboracum
1085 3651 1121 3714 in
1143 3649 1282 3717 Octobis
1298 3651 1432 3717 Sancta

282 3732 473 3799 Trinitatis.
518 3733 565 3798 lit
579 3734 669 3800 uncle
684 3735 868 3802 vicecomes
884 3739 1042 3818 testatur,
1058 3741 1123 3804 etc.

345 3909 428 3977 Dies
455 3911 555 3977 datus
578 3919 630 3978 est
650 3912 810 4000 Philippo
837 3914 879 3980 de
905 3915 1111 3998 Oraweden’,
1137 3937 1197 4002 per
1224 3921 1435 3984 attornatum

282 4021 391 4078 suum,
415 4001 450 4064 et
472 3999 495 4064 J
497 3999 624 4064 ohanni
647 3999 688 4065 de
711 4001 904 4084 Haweltou,
922 4003 964 4068 de
978 4002 1105 4088 placito
1121 4005 1228 4070 debiti
1243 4006 1277 4070 in
1294 4007 1434 4072 Octobis

284 4086 416 4152 Sancta
431 4085 610 4152 Trinitatis
625 4088 717 4173 apud
732 4089 931 4171 Eboracum,
946 4111 1044 4176 prece
1059 4093 1219 4177 partium,
1235 4097 1298 4159 etc.

347 4259 521 4325 lohannes
559 4259 758 4343 wodeman,
793 4264 974 4345 Henricus,
1004 4263 1112 4332 frater
1141 4267 1228 4352 ejus,
1259 4267 1363 4353 Hugo
1392 4266 1436 4333 de

284 4346 436 4426 London,
453 4350 489 4412 et
503 4346 693 4415 Willelmus
713 4350 745 4417 le
760 4350 881 4432 Tener,
897 4355 1092 4418 executores
1114 4354 1312 4422 testamenti
1332 4353 1436 4420 Alani

282 4433 480 4514 Wodeman,
511 4436 709 4521 optulerunt
739 4459 775 4502 se
803 4438 880 4524 iiijl⁰
908 4439 963 4504 <lie
985 4459 1100 4506 versus
1124 4439 1370 4527 vaycherdum
1393 4443 1436 4508 de

283 4519 446 4605 Charron,
462 4522 671 4592 Willelmum
694 4525 735 4592 de
758 4525 905 4594 Holaud’
929 4530 964 4594 et
984 4526 1173 4596 Walterum
1189 4529 1229 4600 de
1246 4529 1435 4620 Suetoppe,
