<?xml version="1.0" encoding="UTF-8"?>
<!DOCTYPE html PUBLIC "-//W3C//DTD XHTML 1.0 Transitional//EN"
    "http://www.w3.org/TR/xhtml1/DTD/xhtml1-transitional.dtd">
<html xmlns="http://www.w3.org/1999/xhtml" xml:lang="en" lang="en">
 <head>
  <title>
</title>
<meta http-equiv="Content-Type" content="text/html;charset=utf-8" />
  <meta name='ocr-system' content='tesseract 3.04.00' />
  <meta name='ocr-capabilities' content='ocr_page ocr_carea ocr_par ocr_line ocrx_word'/>
</head>
<body>
  <div class='ocr_page' id='page_1' title='image "./threeearlyassiz01pagegoog_0172.png"; bbox 0 0 3278 5104; ppageno 0'>
   <div class='ocr_carea' id='block_1_1' title="bbox 248 533 1244 617">
    <p class='ocr_par' dir='ltr' id='par_1_1' title="bbox 248 533 1244 617">
     <span class='ocr_line' id='line_1_1' title="bbox 248 533 1244 617; baseline -0.002 -17"><span class='ocrx_word' id='word_1_1' title='bbox 248 535 312 600; x_wconf 75' lang='lat'>140</span> <span class='ocrx_word' id='word_1_2' title='bbox 398 555 514 600; x_wconf 69' lang='lat' dir='ltr'>assmn</span> <span class='ocrx_word' id='word_1_3' title='bbox 537 533 636 617; x_wconf 75' lang='lat' dir='ltr'>aona,</span> <span class='ocrx_word' id='word_1_4' title='bbox 659 553 997 616; x_wconf 69' lang='lat' dir='ltr'>nonsummum),</span> <span class='ocrx_word' id='word_1_5' title='bbox 1021 533 1062 598; x_wconf 83' lang='lat'>53</span> <span class='ocrx_word' id='word_1_6' title='bbox 1085 553 1168 599; x_wconf 73' lang='lat' dir='ltr'>aas.</span> <span class='ocrx_word' id='word_1_7' title='bbox 1191 553 1244 598; x_wconf 93' lang='lat'>111.</span> 
     </span>
    </p>
   </div>
   <div class='ocr_carea' id='block_1_2' title="bbox 246 704 1401 1560">
    <p class='ocr_par' dir='ltr' id='par_1_2' title="bbox 246 704 1401 1560">
     <span class='ocr_line' id='line_1_2' title="bbox 246 704 1398 796; baseline -0.005 -22"><span class='ocrx_word' id='word_1_8' title='bbox 246 709 350 774; x_wconf 80' lang='lat' dir='ltr'>Alani</span> <span class='ocrx_word' id='word_1_9' title='bbox 365 712 400 775; x_wconf 77' lang='lat' dir='ltr'>ei</span> <span class='ocrx_word' id='word_1_10' title='bbox 415 709 530 796; x_wconf 79' lang='lat' dir='ltr'>Agnes</span> <span class='ocrx_word' id='word_1_11' title='bbox 546 709 617 774; x_wconf 85' lang='lat' dir='ltr'>filia</span> <span class='ocrx_word' id='word_1_12' title='bbox 631 708 826 794; x_wconf 79' lang='lat' dir='ltr'>Baldewyni</span> <span class='ocrx_word' id='word_1_13' title='bbox 846 711 978 790; x_wconf 67' lang='lat' dir='ltr'>senene,</span> <span class='ocrx_word' id='word_1_14' title='bbox 994 707 1052 794; x_wconf 87' lang='lat' dir='ltr'>qui</span> <span class='ocrx_word' id='word_1_15' title='bbox 1070 706 1213 773; x_wconf 78' lang='lat' dir='ltr'>veninnh</span> <span class='ocrx_word' id='word_1_16' title='bbox 1226 707 1263 771; x_wconf 73' lang='lat' dir='ltr'>ei</span> <span class='ocrx_word' id='word_1_17' title='bbox 1278 704 1398 771; x_wconf 77' lang='lat' dir='ltr'>dicuni</span> 
     </span>
     <span class='ocr_line' id='line_1_3' title="bbox 248 790 1397 882; baseline -0.005 -21"><span class='ocrx_word' id='word_1_18' title='bbox 248 798 337 882; x_wconf 89' lang='lat' dir='ltr'>quod</span> <span class='ocrx_word' id='word_1_19' title='bbox 352 797 459 862; x_wconf 85' lang='lat' dir='ltr'>assisa</span> <span class='ocrx_word' id='word_1_20' title='bbox 481 818 549 861; x_wconf 90' lang='lat' dir='ltr'>non</span> <span class='ocrx_word' id='word_1_21' title='bbox 573 796 673 862; x_wconf 82' lang='lat' dir='ltr'>debet</span> <span class='ocrx_word' id='word_1_22' title='bbox 695 797 774 861; x_wconf 89' lang='lat' dir='ltr'>inde</span> <span class='ocrx_word' id='word_1_23' title='bbox 796 796 878 878; x_wconf 82' lang='lat' dir='ltr'>fieri,</span> <span class='ocrx_word' id='word_1_24' title='bbox 895 796 974 880; x_wconf 88' lang='lat' dir='ltr'>quia</span> <span class='ocrx_word' id='word_1_25' title='bbox 987 797 1073 862; x_wconf 87' lang='lat' dir='ltr'>bene</span> <span class='ocrx_word' id='word_1_26' title='bbox 1096 794 1286 860; x_wconf 73' lang='lat' dir='ltr'>concedunt</span> <span class='ocrx_word' id='word_1_27' title='bbox 1307 790 1397 877; x_wconf 77' lang='lat' dir='ltr'>quod</span> 
     </span>
     <span class='ocr_line' id='line_1_4' title="bbox 247 879 1399 970; baseline -0.005 -21"><span class='ocrx_word' id='word_1_28' title='bbox 247 882 427 970; x_wconf 77' lang='lat' dir='ltr'>pradictus</span> <span class='ocrx_word' id='word_1_29' title='bbox 452 884 635 964; x_wconf 76' lang='lat' dir='ltr'>Gilberius,</span> <span class='ocrx_word' id='word_1_30' title='bbox 660 882 702 948; x_wconf 86' lang='lat' dir='ltr'>de</span> <span class='ocrx_word' id='word_1_31' title='bbox 724 886 818 969; x_wconf 87' lang='lat' dir='ltr'>cnjus</span> <span class='ocrx_word' id='word_1_32' title='bbox 843 887 960 963; x_wconf 80' lang='lat' dir='ltr'>morie,</span> <span class='ocrx_word' id='word_1_33' title='bbox 983 887 1059 963; x_wconf 81' lang='lat' dir='ltr'>etc,</span> <span class='ocrx_word' id='word_1_34' title='bbox 1082 881 1167 947; x_wconf 75' lang='lat' dir='ltr'>obiit</span> <span class='ocrx_word' id='word_1_35' title='bbox 1190 879 1326 946; x_wconf 77' lang='lat' dir='ltr'>seisitus</span> <span class='ocrx_word' id='word_1_36' title='bbox 1356 879 1399 944; x_wconf 89' lang='lat' dir='ltr'>de</span> 
     </span>
     <span class='ocr_line' id='line_1_5' title="bbox 248 967 1399 1057; baseline -0.006 -21"><span class='ocrx_word' id='word_1_37' title='bbox 248 971 408 1056; x_wconf 76' lang='lat' dir='ltr'>praedictc</span> <span class='ocrx_word' id='word_1_38' title='bbox 447 971 648 1057; x_wconf 76' lang='lat' dir='ltr'>messuagio,</span> <span class='ocrx_word' id='word_1_39' title='bbox 679 975 714 1035; x_wconf 75' lang='lat' dir='ltr'>et</span> <span class='ocrx_word' id='word_1_40' title='bbox 743 971 833 1056; x_wconf 88' lang='lat' dir='ltr'>quod</span> <span class='ocrx_word' id='word_1_41' title='bbox 873 971 1012 1055; x_wconf 86' lang='lat' dir='ltr'>quidam</span> <span class='ocrx_word' id='word_1_42' title='bbox 1046 969 1258 1054; x_wconf 85' lang='lat' dir='ltr'>Radulphus,</span> <span class='ocrx_word' id='word_1_43' title='bbox 1294 967 1399 1031; x_wconf 77' lang='lat' dir='ltr'>fiater</span> 
     </span>
     <span class='ocr_line' id='line_1_6' title="bbox 249 1051 1397 1144; baseline -0.009 -20"><span class='ocrx_word' id='word_1_44' title='bbox 249 1058 402 1144; x_wconf 73' lang='lat' dir='ltr'><strong>praedicti</strong></span> <span class='ocrx_word' id='word_1_45' title='bbox 426 1058 578 1139; x_wconf 64' lang='lat' dir='ltr'>imberti,</span> <span class='ocrx_word' id='word_1_46' title='bbox 605 1061 852 1143; x_wconf 70' lang='lat' dir='ltr'>postmortem</span> <span class='ocrx_word' id='word_1_47' title='bbox 879 1057 987 1143; x_wconf 84' lang='lat' dir='ltr'>ipsius</span> <span class='ocrx_word' id='word_1_48' title='bbox 1017 1057 1173 1137; x_wconf 76' lang='lat' dir='ltr'>Gilberti,</span> <span class='ocrx_word' id='word_1_49' title='bbox 1200 1051 1397 1141; x_wconf 79' lang='lat' dir='ltr'>patrissui,</span> 
     </span>
     <span class='ocr_line' id='line_1_7' title="bbox 249 1141 1399 1231; baseline -0.004 -22"><span class='ocrx_word' id='word_1_50' title='bbox 249 1145 392 1210; x_wconf 67' lang='lat' dir='ltr'>intravit</span> <span class='ocrx_word' id='word_1_51' title='bbox 414 1145 451 1210; x_wconf 91' lang='lat' dir='ltr'>in</span> <span class='ocrx_word' id='word_1_52' title='bbox 476 1146 568 1211; x_wconf 90' lang='lat' dir='ltr'>idem</span> <span class='ocrx_word' id='word_1_53' title='bbox 591 1145 829 1231; x_wconf 85' lang='lat' dir='ltr'>messuagium,</span> <span class='ocrx_word' id='word_1_54' title='bbox 846 1148 887 1209; x_wconf 75' lang='lat' dir='ltr'>uh</span> <span class='ocrx_word' id='word_1_55' title='bbox 913 1145 1001 1210; x_wconf 84' lang='lat' dir='ltr'>filius</span> <span class='ocrx_word' id='word_1_56' title='bbox 1025 1145 1099 1230; x_wconf 87' lang='lat' dir='ltr'>ejus</span> <span class='ocrx_word' id='word_1_57' title='bbox 1126 1147 1161 1208; x_wconf 81' lang='lat' dir='ltr'>et</span> <span class='ocrx_word' id='word_1_58' title='bbox 1184 1143 1293 1224; x_wconf 88' lang='lat' dir='ltr'>heres,</span> <span class='ocrx_word' id='word_1_59' title='bbox 1308 1141 1399 1207; x_wconf 90' lang='lat' dir='ltr'>unde</span> 
     </span>
     <span class='ocr_line' id='line_1_8' title="bbox 249 1223 1398 1319; baseline -0.004 -21"><span class='ocrx_word' id='word_1_60' title='bbox 249 1233 380 1299; x_wconf 79' lang='lat' dir='ltr'>desicut</span> <span class='ocrx_word' id='word_1_61' title='bbox 409 1254 469 1319; x_wconf 88' lang='lat' dir='ltr'>per</span> <span class='ocrx_word' id='word_1_62' title='bbox 498 1233 596 1297; x_wconf 85' lang='lat' dir='ltr'>breve</span> <span class='ocrx_word' id='word_1_63' title='bbox 625 1233 719 1298; x_wconf 75' lang='lat' dir='ltr'>ishad</span> <span class='ocrx_word' id='word_1_64' title='bbox 748 1233 848 1299; x_wconf 77' lang='lat' dir='ltr'>debet</span> <span class='ocrx_word' id='word_1_65' title='bbox 873 1234 945 1317; x_wconf 74' lang='lat' dir='ltr'>peti</span> <span class='ocrx_word' id='word_1_66' title='bbox 973 1231 1098 1298; x_wconf 83' lang='lat' dir='ltr'>seisina</span> <span class='ocrx_word' id='word_1_67' title='bbox 1126 1230 1239 1295; x_wconf 76' lang='lat' dir='ltr'>ultimi</span> <span class='ocrx_word' id='word_1_68' title='bbox 1265 1223 1398 1308; x_wconf 63' lang='lat' dir='ltr'>misici)</span> 
     </span>
     <span class='ocr_line' id='line_1_9' title="bbox 249 1317 1398 1406; baseline -0.003 -22"><span class='ocrx_word' id='word_1_69' title='bbox 249 1324 372 1406; x_wconf 75' lang='lat' dir='ltr'>petunt</span> <span class='ocrx_word' id='word_1_70' title='bbox 397 1319 574 1404; x_wconf 87' lang='lat' dir='ltr'>judicium.</span> <span class='ocrx_word' id='word_1_71' title='bbox 628 1320 675 1383; x_wconf 76' lang='lat' dir='ltr'>Et</span> <span class='ocrx_word' id='word_1_72' title='bbox 703 1319 873 1385; x_wconf 76' lang='lat' dir='ltr'>Echemus</span> <span class='ocrx_word' id='word_1_73' title='bbox 902 1340 971 1385; x_wconf 91' lang='lat' dir='ltr'>non</span> <span class='ocrx_word' id='word_1_74' title='bbox 1001 1323 1115 1404; x_wconf 75' lang='lat' dir='ltr'>potest</span> <span class='ocrx_word' id='word_1_75' title='bbox 1144 1319 1208 1383; x_wconf 93' lang='lat' dir='ltr'>hoc</span> <span class='ocrx_word' id='word_1_76' title='bbox 1235 1317 1398 1384; x_wconf 86' lang='lat' dir='ltr'>dedicere.</span> 
     </span>
     <span class='ocr_line' id='line_1_10' title="bbox 249 1403 1401 1560; baseline -0.002 -90"><span class='ocrx_word' id='word_1_77' title='bbox 249 1407 508 1560; x_wconf 51' lang='lat' dir='ltr'>(Ilffliderahnm</span> <span class='ocrx_word' id='word_1_78' title='bbox 531 1410 584 1525; x_wconf 62' lang='lat' dir='ltr'>eei</span> <span class='ocrx_word' id='word_1_79' title='bbox 605 1406 695 1491; x_wconf 87' lang='lat' dir='ltr'>quod</span> <span class='ocrx_word' id='word_1_80' title='bbox 716 1407 863 1472; x_wconf 83' lang='lat' dir='ltr'>Thomas</span> <span class='ocrx_word' id='word_1_81' title='bbox 886 1411 921 1474; x_wconf 74' lang='lat' dir='ltr'>et</span> <span class='ocrx_word' id='word_1_82' title='bbox 943 1405 1060 1491; x_wconf 81' lang='lat' dir='ltr'>Agnes</span> <span class='ocrx_word' id='word_1_83' title='bbox 1081 1405 1159 1472; x_wconf 85' lang='lat' dir='ltr'>inde</span> <span class='ocrx_word' id='word_1_84' title='bbox 1182 1405 1256 1470; x_wconf 90' lang='lat' dir='ltr'>sine</span> <span class='ocrx_word' id='word_1_85' title='bbox 1279 1403 1344 1485; x_wconf 87' lang='lat' dir='ltr'>die,</span> <span class='ocrx_word' id='word_1_86' title='bbox 1365 1407 1401 1471; x_wconf 70' lang='lat' dir='ltr'>ei</span> 
     </span>
     <span class='ocr_line' id='line_1_11' title="bbox 346 1493 579 1559; baseline 0 -1"><span class='ocrx_word' id='word_1_87' title='bbox 346 1499 420 1559; x_wconf 80' lang='lat' dir='ltr'>rhus</span> <span class='ocrx_word' id='word_1_88' title='bbox 435 1493 472 1558; x_wconf 92' lang='lat' dir='ltr'>in</span> <span class='ocrx_word' id='word_1_89' title='bbox 493 1493 579 1559; x_wconf 86' lang='lat' dir='ltr'>mis.</span> 
     </span>
    </p>
   </div>
   <div class='ocr_carea' id='block_1_3' title="bbox 251 1646 1403 2151">
    <p class='ocr_par' dir='ltr' id='par_1_3' title="bbox 251 1646 1403 2151">
     <span class='ocr_line' id='line_1_12' title="bbox 315 1646 1400 1734; baseline -0.002 -20"><span class='ocrx_word' id='word_1_90' title='bbox 315 1647 481 1715; x_wconf 85' lang='lat' dir='ltr'>Ricardue</span> <span class='ocrx_word' id='word_1_91' title='bbox 493 1647 584 1712; x_wconf 88' lang='lat' dir='ltr'>filius</span> <span class='ocrx_word' id='word_1_92' title='bbox 596 1647 719 1734; x_wconf 85' lang='lat' dir='ltr'>Rogeri</span> <span class='ocrx_word' id='word_1_93' title='bbox 729 1647 771 1712; x_wconf 86' lang='lat' dir='ltr'>de</span> <span class='ocrx_word' id='word_1_94' title='bbox 783 1646 995 1733; x_wconf 75' lang='lat' dir='ltr'>Horseleye,⁹</span> <span class='ocrx_word' id='word_1_95' title='bbox 1003 1646 1062 1732; x_wconf 91' lang='lat' dir='ltr'>qui</span> <span class='ocrx_word' id='word_1_96' title='bbox 1070 1647 1154 1713; x_wconf 72' lang='lat' dir='ltr'>tulit</span> <span class='ocrx_word' id='word_1_97' title='bbox 1165 1646 1264 1714; x_wconf 82' lang='lat' dir='ltr'>breve</span> <span class='ocrx_word' id='word_1_98' title='bbox 1279 1646 1400 1712; x_wconf 77' lang='lat' dir='ltr'>mortis</span> 
     </span>
     <span class='ocr_line' id='line_1_13' title="bbox 251 1733 1400 1815; baseline -0.005 -12"><span class='ocrx_word' id='word_1_99' title='bbox 251 1735 474 1803; x_wconf 69' lang='lat' dir='ltr'>antecessoris</span> <span class='ocrx_word' id='word_1_100' title='bbox 502 1757 616 1801; x_wconf 88' lang='lat' dir='ltr'>versus</span> <span class='ocrx_word' id='word_1_101' title='bbox 637 1735 829 1800; x_wconf 88' lang='lat' dir='ltr'>Johannem</span> <span class='ocrx_word' id='word_1_102' title='bbox 847 1734 888 1802; x_wconf 88' lang='lat' dir='ltr'>de</span> <span class='ocrx_word' id='word_1_103' title='bbox 908 1734 943 1799; x_wconf 92' lang='lat' dir='ltr'>la</span> <span class='ocrx_word' id='word_1_104' title='bbox 963 1734 1074 1801; x_wconf 86' lang='lat' dir='ltr'>Grene</span> <span class='ocrx_word' id='word_1_105' title='bbox 1095 1738 1132 1800; x_wconf 76' lang='lat' dir='ltr'>et</span> <span class='ocrx_word' id='word_1_106' title='bbox 1156 1733 1400 1815; x_wconf 76' lang='lat' dir='ltr'>Christianam,</span> 
     </span>
     <span class='ocr_line' id='line_1_14' title="bbox 252 1821 1398 1910; baseline -0.002 -22"><span class='ocrx_word' id='word_1_107' title='bbox 252 1845 389 1889; x_wconf 86' lang='lat' dir='ltr'>uxorem</span> <span class='ocrx_word' id='word_1_108' title='bbox 411 1823 497 1910; x_wconf 86' lang='lat' dir='ltr'>ejus,</span> <span class='ocrx_word' id='word_1_109' title='bbox 515 1822 555 1890; x_wconf 89' lang='lat' dir='ltr'>de</span> <span class='ocrx_word' id='word_1_110' title='bbox 569 1824 767 1888; x_wconf 75' lang='lat' dir='ltr'>tenemento</span> <span class='ocrx_word' id='word_1_111' title='bbox 782 1823 818 1886; x_wconf 90' lang='lat' dir='ltr'>in</span> <span class='ocrx_word' id='word_1_112' title='bbox 834 1821 1022 1908; x_wconf 76' lang='lat' dir='ltr'>Annewyk,</span> <span class='ocrx_word' id='word_1_113' title='bbox 1037 1842 1106 1887; x_wconf 91' lang='lat' dir='ltr'>non</span> <span class='ocrx_word' id='word_1_114' title='bbox 1122 1827 1175 1888; x_wconf 78' lang='lat' dir='ltr'>esi</span> <span class='ocrx_word' id='word_1_115' title='bbox 1189 1825 1398 1906; x_wconf 77' lang='lat' dir='ltr'>prosecutus,</span> 
     </span>
     <span class='ocr_line' id='line_1_15' title="bbox 251 1908 1398 1996; baseline -0.002 -22"><span class='ocrx_word' id='word_1_116' title='bbox 251 1912 328 1976; x_wconf 87' lang='lat' dir='ltr'>ideo</span> <span class='ocrx_word' id='word_1_117' title='bbox 356 1910 429 1996; x_wconf 84' lang='lat' dir='ltr'>ipse</span> <span class='ocrx_word' id='word_1_118' title='bbox 459 1915 494 1974; x_wconf 84' lang='lat' dir='ltr'>et</span> <span class='ocrx_word' id='word_1_119' title='bbox 522 1909 577 1994; x_wconf 92' lang='lat' dir='ltr'>ple</span> <span class='ocrx_word' id='word_1_120' title='bbox 604 1908 624 1924; x_wconf 83' lang='lat'>&#39;‘</span> <span class='ocrx_word' id='word_1_121' title='bbox 657 1908 710 1974; x_wconf 87' lang='lat' dir='ltr'>sui</span> <span class='ocrx_word' id='word_1_122' title='bbox 739 1909 781 1974; x_wconf 88' lang='lat' dir='ltr'>de</span> <span class='ocrx_word' id='word_1_123' title='bbox 810 1909 1042 1994; x_wconf 85' lang='lat' dir='ltr'>prosequendo</span> <span class='ocrx_word' id='word_1_124' title='bbox 1072 1909 1110 1973; x_wconf 91' lang='lat' dir='ltr'>in</span> <span class='ocrx_word' id='word_1_125' title='bbox 1138 1909 1225 1990; x_wconf 87' lang='lat' dir='ltr'>mis’,</span> <span class='ocrx_word' id='word_1_126' title='bbox 1257 1909 1398 1990; x_wconf 72' lang='lat' dir='ltr'>scilicet,</span> 
     </span>
     <span class='ocr_line' id='line_1_16' title="bbox 254 1995 1403 2081; baseline -0.003 -17"><span class='ocrx_word' id='word_1_127' title='bbox 254 1998 426 2064; x_wconf 77' lang='lat' dir='ltr'>Gilbertus</span> <span class='ocrx_word' id='word_1_128' title='bbox 451 1997 492 2061; x_wconf 91' lang='lat' dir='ltr'>de</span> <span class='ocrx_word' id='word_1_129' title='bbox 517 1996 583 2061; x_wconf 89' lang='lat' dir='ltr'>Wo</span> <span class='ocrx_word' id='word_1_130' title='bbox 598 1997 747 2081; x_wconf 80' lang='lat' dir='ltr'>sington&#39;</span> <span class='ocrx_word' id='word_1_131' title='bbox 778 1998 813 2061; x_wconf 78' lang='lat' dir='ltr'>eh</span> <span class='ocrx_word' id='word_1_132' title='bbox 842 1996 1017 2062; x_wconf 84' lang='lat' dir='ltr'>Johannes</span> <span class='ocrx_word' id='word_1_133' title='bbox 1047 1998 1089 2064; x_wconf 90' lang='lat' dir='ltr'>de</span> <span class='ocrx_word' id='word_1_134' title='bbox 1114 1995 1311 2064; x_wconf 80' lang='lat' dir='ltr'>Redesdale.</span> <span class='ocrx_word' id='word_1_135' title='bbox 1356 1997 1403 2061; x_wconf 75' lang='lat' dir='ltr'>nt</span> 
     </span>
     <span class='ocr_line' id='line_1_17' title="bbox 254 2082 955 2151; baseline -0.003 0"><span class='ocrx_word' id='word_1_136' title='bbox 254 2088 276 2151; x_wconf 94' lang='lat' dir='ltr'><strong>J</strong></span> <span class='ocrx_word' id='word_1_137' title='bbox 277 2085 429 2151; x_wconf 87' lang='lat' dir='ltr'>ohannes</span> <span class='ocrx_word' id='word_1_138' title='bbox 445 2088 481 2151; x_wconf 81' lang='lat' dir='ltr'>et</span> <span class='ocrx_word' id='word_1_139' title='bbox 495 2083 691 2148; x_wconf 77' lang='lat' dir='ltr'>Christiana</span> <span class='ocrx_word' id='word_1_140' title='bbox 706 2082 786 2148; x_wconf 86' lang='lat' dir='ltr'>inde</span> <span class='ocrx_word' id='word_1_141' title='bbox 802 2084 876 2148; x_wconf 88' lang='lat' dir='ltr'>eine</span> <span class='ocrx_word' id='word_1_142' title='bbox 890 2082 955 2150; x_wconf 88' lang='lat' dir='ltr'>die.</span> 
     </span>
    </p>
   </div>
   <div class='ocr_carea' id='block_1_4' title="bbox 254 2236 1404 2671">
    <p class='ocr_par' dir='ltr' id='par_1_4' title="bbox 254 2236 1404 2671">
     <span class='ocr_line' id='line_1_18' title="bbox 319 2236 1403 2325; baseline 0.002 -23"><span class='ocrx_word' id='word_1_143' title='bbox 319 2237 444 2319; x_wconf 89' lang='lat' dir='ltr'>Isolda,</span> <span class='ocrx_word' id='word_1_144' title='bbox 473 2259 560 2302; x_wconf 87' lang='lat' dir='ltr'>uxor</span> <span class='ocrx_word' id='word_1_145' title='bbox 590 2236 751 2305; x_wconf 82' lang='lat' dir='ltr'>Wiilelmi</span> <span class='ocrx_word' id='word_1_146' title='bbox 778 2237 811 2304; x_wconf 93' lang='lat' dir='ltr'>le</span> <span class='ocrx_word' id='word_1_147' title='bbox 840 2237 1013 2323; x_wconf 80' lang='lat' dir='ltr'>Nomeys,³</span> <span class='ocrx_word' id='word_1_148' title='bbox 1043 2237 1102 2302; x_wconf 76' lang='lat' dir='ltr'>dat</span> <span class='ocrx_word' id='word_1_149' title='bbox 1132 2238 1257 2324; x_wconf 74' lang='lat' dir='ltr'>viginti</span> <span class='ocrx_word' id='word_1_150' title='bbox 1286 2240 1311 2304; x_wconf 72' lang='grc' dir='ltr'>ε’</span> <span class='ocrx_word' id='word_1_151' title='bbox 1341 2260 1403 2325; x_wconf 88' lang='lat' dir='ltr'>pro</span> 
     </span>
     <span class='ocr_line' id='line_1_19' title="bbox 254 2324 1403 2411; baseline 0.003 -21"><span class='ocrx_word' id='word_1_152' title='bbox 254 2326 410 2392; x_wconf 88' lang='lat' dir='ltr'>habendo</span> <span class='ocrx_word' id='word_1_153' title='bbox 425 2333 581 2411; x_wconf 77' lang='lat' dir='ltr'>respectu</span> <span class='ocrx_word' id='word_1_154' title='bbox 596 2345 712 2390; x_wconf 80' lang='lat' dir='ltr'>versus</span> <span class='ocrx_word' id='word_1_155' title='bbox 727 2324 886 2405; x_wconf 84' lang='lat' dir='ltr'>Aliciam,</span> <span class='ocrx_word' id='word_1_156' title='bbox 908 2347 981 2409; x_wconf 82' lang='lat' dir='ltr'>quae</span> <span class='ocrx_word' id='word_1_157' title='bbox 996 2325 1066 2389; x_wconf 83' lang='lat' dir='ltr'>fuit</span> <span class='ocrx_word' id='word_1_158' title='bbox 1081 2347 1166 2391; x_wconf 84' lang='lat' dir='ltr'>uxor</span> <span class='ocrx_word' id='word_1_159' title='bbox 1180 2326 1350 2392; x_wconf 86' lang='lat' dir='ltr'>Johannis</span> <span class='ocrx_word' id='word_1_160' title='bbox 1372 2327 1403 2394; x_wconf 90' lang='lat' dir='ltr'>le</span> 
     </span>
     <span class='ocr_line' id='line_1_20' title="bbox 255 2412 1404 2498; baseline -0.001 -19"><span class='ocrx_word' id='word_1_161' title='bbox 255 2413 366 2494; x_wconf 82' lang='lat' dir='ltr'>Clark,</span> <span class='ocrx_word' id='word_1_162' title='bbox 392 2413 433 2480; x_wconf 88' lang='lat' dir='ltr'>de</span> <span class='ocrx_word' id='word_1_163' title='bbox 457 2413 584 2498; x_wconf 71' lang='lat' dir='ltr'>placito</span> <span class='ocrx_word' id='word_1_164' title='bbox 608 2417 716 2478; x_wconf 73' lang='lat' dir='ltr'>terrae.</span> <span class='ocrx_word' id='word_1_165' title='bbox 762 2412 887 2478; x_wconf 77' lang='lat' dir='ltr'>Postea</span> <span class='ocrx_word' id='word_1_166' title='bbox 911 2412 1005 2477; x_wconf 75' lang='lat' dir='ltr'>venit</span> <span class='ocrx_word' id='word_1_167' title='bbox 1033 2413 1196 2498; x_wconf 70' lang='lat' dir='ltr'>predicta</span> <span class='ocrx_word' id='word_1_168' title='bbox 1224 2413 1340 2480; x_wconf 88' lang='lat' dir='ltr'>Isolda</span> <span class='ocrx_word' id='word_1_169' title='bbox 1368 2417 1404 2478; x_wconf 77' lang='lat' dir='ltr'>et</span> 
     </span>
     <span class='ocr_line' id='line_1_21' title="bbox 257 2499 1404 2587; baseline 0.001 -21"><span class='ocrx_word' id='word_1_170' title='bbox 257 2501 358 2566; x_wconf 76' lang='lat' dir='ltr'>solvit</span> <span class='ocrx_word' id='word_1_171' title='bbox 380 2499 567 2567; x_wconf 73' lang='lat' dir='ltr'>vicecomiti</span> <span class='ocrx_word' id='word_1_172' title='bbox 589 2500 767 2586; x_wconf 78' lang='lat' dir='ltr'>praedictos</span> <span class='ocrx_word' id='word_1_173' title='bbox 789 2499 914 2586; x_wconf 77' lang='lat' dir='ltr'>viginti</span> <span class='ocrx_word' id='word_1_174' title='bbox 927 2499 966 2579; x_wconf 69' lang='grc' dir='ltr'>ε’,</span> <span class='ocrx_word' id='word_1_175' title='bbox 982 2499 1120 2581; x_wconf 79' lang='lat' dir='ltr'>scilicet,</span> <span class='ocrx_word' id='word_1_176' title='bbox 1138 2499 1347 2587; x_wconf 82' lang='lat' dir='ltr'>Gwychardo</span> <span class='ocrx_word' id='word_1_177' title='bbox 1363 2500 1404 2568; x_wconf 88' lang='lat' dir='ltr'>de</span> 
     </span>
     <span class='ocr_line' id='line_1_22' title="bbox 257 2586 1043 2671; baseline -0.003 -18"><span class='ocrx_word' id='word_1_178' title='bbox 257 2589 405 2668; x_wconf 77' lang='lat' dir='ltr'>Charon,</span> <span class='ocrx_word' id='word_1_179' title='bbox 421 2587 511 2652; x_wconf 86' lang='lat' dir='ltr'>unde</span> <span class='ocrx_word' id='word_1_180' title='bbox 527 2587 615 2653; x_wconf 87' lang='lat' dir='ltr'>idem</span> <span class='ocrx_word' id='word_1_181' title='bbox 632 2587 814 2653; x_wconf 83' lang='lat' dir='ltr'>vicecomes</span> <span class='ocrx_word' id='word_1_182' title='bbox 830 2586 1043 2671; x_wconf 73' lang='lat' dir='ltr'>respondeat.</span> 
     </span>
    </p>
   </div>
   <div class='ocr_carea' id='block_1_5' title="bbox 257 2739 1407 3524">
    <p class='ocr_par' dir='ltr' id='par_1_5' title="bbox 257 2739 1407 3524">
     <span class='ocr_line' id='line_1_23' title="bbox 322 2739 1404 2828; baseline 0.004 -21"><span class='ocrx_word' id='word_1_183' title='bbox 322 2742 491 2808; x_wconf 78' lang='lat' dir='ltr'>Uctredns</span> <span class='ocrx_word' id='word_1_184' title='bbox 517 2740 674 2821; x_wconf 78' lang='lat' dir='ltr'>Porchet,</span> <span class='ocrx_word' id='word_1_185' title='bbox 700 2739 883 2828; x_wconf 85' lang='lat' dir='ltr'>Margeria,</span> <span class='ocrx_word' id='word_1_186' title='bbox 906 2760 993 2806; x_wconf 85' lang='lat' dir='ltr'>uxor</span> <span class='ocrx_word' id='word_1_187' title='bbox 1018 2739 1105 2827; x_wconf 84' lang='lat' dir='ltr'>ejus,</span> <span class='ocrx_word' id='word_1_188' title='bbox 1130 2741 1277 2808; x_wconf 80' lang='lat' dir='ltr'>Thomas</span> <span class='ocrx_word' id='word_1_189' title='bbox 1302 2744 1344 2811; x_wconf 89' lang='lat' dir='ltr'>de</span> <span class='ocrx_word' id='word_1_190' title='bbox 1369 2743 1404 2810; x_wconf 88' lang='lat' dir='ltr'>la</span> 
     </span>
     <span class='ocr_line' id='line_1_24' title="bbox 257 2827 1404 2914; baseline 0.003 -20"><span class='ocrx_word' id='word_1_191' title='bbox 257 2831 347 2914; x_wconf 87' lang='lat' dir='ltr'>Leye</span> <span class='ocrx_word' id='word_1_192' title='bbox 370 2833 405 2894; x_wconf 76' lang='lat' dir='ltr'>et</span> <span class='ocrx_word' id='word_1_193' title='bbox 432 2827 601 2914; x_wconf 67' lang='lat' dir='ltr'>Hawysia,</span> <span class='ocrx_word' id='word_1_194' title='bbox 626 2848 711 2893; x_wconf 86' lang='lat' dir='ltr'>uxor</span> <span class='ocrx_word' id='word_1_195' title='bbox 734 2831 817 2913; x_wconf 88' lang='lat' dir='ltr'>ejus,</span> <span class='ocrx_word' id='word_1_196' title='bbox 842 2833 877 2894; x_wconf 75' lang='lat' dir='ltr'>eh</span> <span class='ocrx_word' id='word_1_197' title='bbox 902 2827 1085 2909; x_wconf 70' lang='lat' dir='ltr'>cristiana,</span> <span class='ocrx_word' id='word_1_198' title='bbox 1116 2851 1190 2914; x_wconf 78' lang='lat' dir='ltr'>quae</span> <span class='ocrx_word' id='word_1_199' title='bbox 1218 2830 1289 2896; x_wconf 73' lang='lat' dir='ltr'>fuis</span> <span class='ocrx_word' id='word_1_200' title='bbox 1318 2853 1404 2897; x_wconf 84' lang='lat' dir='ltr'>uxor</span> 
     </span>
     <span class='ocr_line' id='line_1_25' title="bbox 258 2915 1404 3003; baseline 0.003 -22"><span class='ocrx_word' id='word_1_201' title='bbox 258 2916 384 3002; x_wconf 83' lang='lat' dir='ltr'>Rogeri</span> <span class='ocrx_word' id='word_1_202' title='bbox 410 2916 451 2983; x_wconf 88' lang='lat' dir='ltr'>de</span> <span class='ocrx_word' id='word_1_203' title='bbox 476 2916 511 2980; x_wconf 94' lang='lat' dir='ltr'>la</span> <span class='ocrx_word' id='word_1_204' title='bbox 533 2916 633 3002; x_wconf 83' lang='lat' dir='ltr'>Leye,</span> <span class='ocrx_word' id='word_1_205' title='bbox 658 2915 858 2979; x_wconf 77' lang='lat' dir='ltr'>summonihi</span> <span class='ocrx_word' id='word_1_206' title='bbox 887 2915 1030 2980; x_wconf 77' lang='lat' dir='ltr'>fuerunt</span> <span class='ocrx_word' id='word_1_207' title='bbox 1059 2917 1103 2981; x_wconf 81' lang='lat' dir='ltr'>ad</span> <span class='ocrx_word' id='word_1_208' title='bbox 1131 2918 1404 3003; x_wconf 84' lang='lat' dir='ltr'>respondendum</span> 
     </span>
     <span class='ocr_line' id='line_1_26' title="bbox 257 3001 1405 3087; baseline 0.002 -17"><span class='ocrx_word' id='word_1_209' title='bbox 257 3004 408 3070; x_wconf 87' lang='lat' dir='ltr'>Johanni</span> <span class='ocrx_word' id='word_1_210' title='bbox 434 3003 476 3068; x_wconf 85' lang='lat' dir='ltr'>de</span> <span class='ocrx_word' id='word_1_211' title='bbox 499 3002 677 3068; x_wconf 76' lang='lat' dir='ltr'>Haulton’⁴</span> <span class='ocrx_word' id='word_1_212' title='bbox 701 3003 743 3067; x_wconf 91' lang='lat' dir='ltr'>de</span> <span class='ocrx_word' id='word_1_213' title='bbox 765 3001 892 3087; x_wconf 80' lang='lat' dir='ltr'>placito</span> <span class='ocrx_word' id='word_1_214' title='bbox 914 3003 1004 3087; x_wconf 89' lang='lat' dir='ltr'>quod</span> <span class='ocrx_word' id='word_1_215' title='bbox 1026 3002 1158 3069; x_wconf 73' lang='lat' dir='ltr'>faciant</span> <span class='ocrx_word' id='word_1_216' title='bbox 1178 3003 1210 3070; x_wconf 88' lang='lat' dir='ltr'>ei</span> <span class='ocrx_word' id='word_1_217' title='bbox 1225 3011 1405 3072; x_wconf 74' lang='lat' dir='ltr'>consuetu-</span> 
     </span>
     <span class='ocr_line' id='line_1_27' title="bbox 260 3088 1403 3173; baseline 0.003 -18"><span class='ocrx_word' id='word_1_218' title='bbox 260 3092 356 3158; x_wconf 87' lang='lat' dir='ltr'>dines</span> <span class='ocrx_word' id='word_1_219' title='bbox 386 3096 421 3154; x_wconf 78' lang='lat' dir='ltr'>et</span> <span class='ocrx_word' id='word_1_220' title='bbox 450 3095 543 3155; x_wconf 77' lang='lat' dir='ltr'>recte</span> <span class='ocrx_word' id='word_1_221' title='bbox 575 3089 723 3170; x_wconf 79' lang='lat' dir='ltr'>servitia,</span> <span class='ocrx_word' id='word_1_222' title='bbox 753 3111 827 3173; x_wconf 86' lang='lat' dir='ltr'>quae</span> <span class='ocrx_word' id='word_1_223' title='bbox 857 3088 889 3155; x_wconf 92' lang='lat' dir='ltr'>ei</span> <span class='ocrx_word' id='word_1_224' title='bbox 917 3093 1029 3155; x_wconf 78' lang='lat' dir='ltr'>facem</span> <span class='ocrx_word' id='word_1_225' title='bbox 1059 3090 1184 3156; x_wconf 73' lang='lat' dir='ltr'>debent</span> <span class='ocrx_word' id='word_1_226' title='bbox 1218 3092 1260 3158; x_wconf 88' lang='lat' dir='ltr'>de</span> <span class='ocrx_word' id='word_1_227' title='bbox 1297 3093 1403 3161; x_wconf 88' lang='lat' dir='ltr'>libero</span> 
     </span>
     <span class='ocr_line' id='line_1_28' title="bbox 260 3175 1403 3262; baseline 0.003 -20"><span class='ocrx_word' id='word_1_228' title='bbox 260 3182 455 3243; x_wconf 80' lang='lat' dir='ltr'>tenemento</span> <span class='ocrx_word' id='word_1_229' title='bbox 470 3199 541 3258; x_wconf 90' lang='lat' dir='ltr'>suo,</span> <span class='ocrx_word' id='word_1_230' title='bbox 559 3178 648 3262; x_wconf 89' lang='lat' dir='ltr'>quod</span> <span class='ocrx_word' id='word_1_231' title='bbox 663 3177 705 3241; x_wconf 88' lang='lat' dir='ltr'>de</span> <span class='ocrx_word' id='word_1_232' title='bbox 721 3197 761 3241; x_wconf 93' lang='lat' dir='ltr'>eo</span> <span class='ocrx_word' id='word_1_233' title='bbox 775 3179 897 3242; x_wconf 73' lang='lat' dir='ltr'>tenent</span> <span class='ocrx_word' id='word_1_234' title='bbox 918 3176 955 3240; x_wconf 90' lang='lat' dir='ltr'>in</span> <span class='ocrx_word' id='word_1_235' title='bbox 969 3175 1122 3242; x_wconf 75' lang='lat' dir='ltr'>Halton&#39;.</span> <span class='ocrx_word' id='word_1_236' title='bbox 1167 3180 1213 3244; x_wconf 78' lang='lat' dir='ltr'>nt</span> <span class='ocrx_word' id='word_1_237' title='bbox 1234 3181 1403 3247; x_wconf 76' lang='lat' dir='ltr'>Uciredus</span> 
     </span>
     <span class='ocr_line' id='line_1_29' title="bbox 259 3263 1404 3345; baseline 0.003 -15"><span class='ocrx_word' id='word_1_238' title='bbox 259 3269 295 3330; x_wconf 77' lang='lat' dir='ltr'>eh</span> <span class='ocrx_word' id='word_1_239' title='bbox 317 3285 433 3329; x_wconf 89' lang='lat' dir='ltr'>omnes</span> <span class='ocrx_word' id='word_1_240' title='bbox 456 3264 516 3328; x_wconf 89' lang='lat' dir='ltr'>alii</span> <span class='ocrx_word' id='word_1_241' title='bbox 537 3265 689 3344; x_wconf 74' lang='lat' dir='ltr'>veniunt,</span> <span class='ocrx_word' id='word_1_242' title='bbox 712 3270 748 3329; x_wconf 82' lang='lat' dir='ltr'>et</span> <span class='ocrx_word' id='word_1_243' title='bbox 770 3263 971 3345; x_wconf 63' lang='lat' dir='ltr'>concordati</span> <span class='ocrx_word' id='word_1_244' title='bbox 1004 3267 1094 3330; x_wconf 74' lang='lat' dir='ltr'>eunt.</span> <span class='ocrx_word' id='word_1_245' title='bbox 1149 3267 1195 3330; x_wconf 74' lang='lat' dir='ltr'>Et</span> <span class='ocrx_word' id='word_1_246' title='bbox 1228 3267 1404 3334; x_wconf 88' lang='lat' dir='ltr'>Johannes</span> 
     </span>
     <span class='ocr_line' id='line_1_30' title="bbox 260 3350 1407 3437; baseline 0.003 -20"><span class='ocrx_word' id='word_1_247' title='bbox 260 3352 321 3417; x_wconf 77' lang='lat' dir='ltr'>dat</span> <span class='ocrx_word' id='word_1_248' title='bbox 349 3352 522 3417; x_wconf 87' lang='lat' dir='ltr'>dimidiam</span> <span class='ocrx_word' id='word_1_249' title='bbox 553 3372 700 3416; x_wconf 83' lang='lat' dir='ltr'>marcam</span> <span class='ocrx_word' id='word_1_250' title='bbox 730 3371 791 3437; x_wconf 88' lang='lat' dir='ltr'>pro</span> <span class='ocrx_word' id='word_1_251' title='bbox 820 3350 958 3418; x_wconf 78' lang='lat' dir='ltr'>licentia</span> <span class='ocrx_word' id='word_1_252' title='bbox 987 3353 1223 3419; x_wconf 85' lang='lat' dir='ltr'>concordandi.</span> <span class='ocrx_word' id='word_1_253' title='bbox 1279 3357 1326 3420; x_wconf 77' lang='lat' dir='ltr'>nt</span> <span class='ocrx_word' id='word_1_254' title='bbox 1354 3359 1407 3422; x_wconf 79' lang='lat' dir='ltr'>est</span> 
     </span>
     <span class='ocr_line' id='line_1_31' title="bbox 260 3439 738 3524; baseline -0.004 -20"><span class='ocrx_word' id='word_1_255' title='bbox 260 3439 440 3505; x_wconf 88' lang='lat' dir='ltr'>concordia</span> <span class='ocrx_word' id='word_1_256' title='bbox 455 3439 534 3504; x_wconf 77' lang='lat' dir='ltr'>halis</span> <span class='ocrx_word' id='word_1_257' title='bbox 550 3439 639 3524; x_wconf 90' lang='lat' dir='ltr'>quod</span> <span class='ocrx_word' id='word_1_258' title='bbox 658 3439 738 3524; x_wconf 81' lang='lat' dir='ltr'>(sic).</span> 
     </span>
    </p>
   </div>
   <div class='ocr_carea' id='block_1_6' title="bbox 260 3664 1409 4586">
    <p class='ocr_par' dir='ltr' id='par_1_6' title="bbox 261 3664 1406 3804">
     <span class='ocr_line' id='line_1_32' title="bbox 295 3664 1406 3734; baseline 0.004 -16"><span class='ocrx_word' id='word_1_259' title='bbox 295 3665 303 3697; x_wconf 91' lang='lat'>¹</span> <span class='ocrx_word' id='word_1_260' title='bbox 320 3664 366 3718; x_wconf 83' lang='lat' dir='ltr'>See</span> <span class='ocrx_word' id='word_1_261' title='bbox 385 3666 504 3730; x_wconf 83' lang='lat' dir='ltr'>Braoton‚</span> <span class='ocrx_word' id='word_1_262' title='bbox 521 3668 562 3716; x_wconf 79' lang='lat' dir='ltr'>De</span> <span class='ocrx_word' id='word_1_263' title='bbox 578 3666 687 3732; x_wconf 63' lang='lat' dir='ltr'>Leffibu</span> <span class='ocrx_word' id='word_1_264' title='bbox 703 3665 813 3732; x_wconf 59' lang='lat' dir='ltr'>Aeolia,</span> <span class='ocrx_word' id='word_1_265' title='bbox 866 3664 1316 3734; x_wconf 70' lang='lat' dir='ltr'>mininglhscrse(1nq.P.H.,35</span> <span class='ocrx_word' id='word_1_266' title='bbox 1334 3671 1406 3722; x_wconf 69' lang='lat' dir='ltr'>aaa.</span> 
     </span>
     <span class='ocr_line' id='line_1_33' title="bbox 261 3732 1406 3804; baseline 0.004 -20"><span class='ocrx_word' id='word_1_267' title='bbox 261 3732 470 3797; x_wconf 81' lang='lat' dir='ltr'>vol.iv.,p.190.</span> <span class='ocrx_word' id='word_1_268' title='bbox 864 3733 1026 3794; x_wconf 74' lang='lat' dir='ltr'>L,No.os).</span> <span class='ocrx_word' id='word_1_269' title='bbox 1055 3733 1144 3785; x_wconf 84' lang='lat' dir='ltr'>Simon</span> <span class='ocrx_word' id='word_1_270' title='bbox 1160 3734 1192 3786; x_wconf 90' lang='lat' dir='ltr'>de</span> <span class='ocrx_word' id='word_1_271' title='bbox 1209 3734 1335 3804; x_wconf 80' lang='lat' dir='ltr'>Homoley</span> <span class='ocrx_word' id='word_1_272' title='bbox 1347 3737 1406 3789; x_wconf 89' lang='lat' dir='ltr'>held</span> 
     </span>
    </p>

    <p class='ocr_par' dir='ltr' id='par_1_7' title="bbox 260 3797 1409 4586">
     <span class='ocr_line' id='line_1_34' title="bbox 293 3797 1406 3866; baseline 0.005 -16"><span class='ocrx_word' id='word_1_273' title='bbox 293 3797 304 3829; x_wconf 84' lang='lat'>²</span> <span class='ocrx_word' id='word_1_274' title='bbox 321 3799 407 3866; x_wconf 77' lang='lat' dir='ltr'>Roget</span> <span class='ocrx_word' id='word_1_275' title='bbox 420 3799 452 3851; x_wconf 86' lang='lat' dir='ltr'>ds</span> <span class='ocrx_word' id='word_1_276' title='bbox 464 3799 605 3863; x_wconf 81' lang='lat' dir='ltr'>Homoleys</span> <span class='ocrx_word' id='word_1_277' title='bbox 622 3798 682 3851; x_wconf 88' lang='lat' dir='ltr'>held</span> <span class='ocrx_word' id='word_1_278' title='bbox 697 3802 730 3849; x_wconf 79' lang='lat'>25</span> <span class='ocrx_word' id='word_1_279' title='bbox 741 3813 812 3850; x_wconf 82' lang='lat' dir='ltr'>acres</span> <span class='ocrx_word' id='word_1_280' title='bbox 863 3799 918 3850; x_wconf 80' lang='lat' dir='ltr'>hali</span> <span class='ocrx_word' id='word_1_281' title='bbox 939 3816 955 3850; x_wconf 88' lang='lat' dir='ltr'>a</span> <span class='ocrx_word' id='word_1_282' title='bbox 971 3803 1089 3852; x_wconf 75' lang='lat' dir='ltr'>curucam</span> <span class='ocrx_word' id='word_1_283' title='bbox 1109 3801 1137 3851; x_wconf 81' lang='lat' dir='ltr'>of</span> <span class='ocrx_word' id='word_1_284' title='bbox 1158 3801 1219 3853; x_wconf 84' lang='lat' dir='ltr'>land</span> <span class='ocrx_word' id='word_1_285' title='bbox 1237 3801 1265 3852; x_wconf 92' lang='lat' dir='ltr'>in</span> <span class='ocrx_word' id='word_1_286' title='bbox 1288 3802 1406 3856; x_wconf 77' lang='lat' dir='ltr'>Alnwick</span> 
     </span>
     <span class='ocr_line' id='line_1_35' title="bbox 260 3864 1230 3930; baseline 0.005 -14"><span class='ocrx_word' id='word_1_287' title='bbox 260 3867 288 3916; x_wconf 82' lang='lat' dir='ltr'>oi</span> <span class='ocrx_word' id='word_1_288' title='bbox 303 3866 364 3917; x_wconf 87' lang='lat' dir='ltr'>land</span> <span class='ocrx_word' id='word_1_289' title='bbox 380 3867 408 3917; x_wconf 93' lang='lat' dir='ltr'>in</span> <span class='ocrx_word' id='word_1_290' title='bbox 426 3864 552 3918; x_wconf 75' lang='lat' dir='ltr'>Kemtern</span> <span class='ocrx_word' id='word_1_291' title='bbox 570 3865 599 3916; x_wconf 78' lang='lat' dir='ltr'>of</span> <span class='ocrx_word' id='word_1_292' title='bbox 611 3865 812 3930; x_wconf 77' lang='lat' dir='ltr'>theBaronyof</span> <span class='ocrx_word' id='word_1_293' title='bbox 865 3867 1100 3928; x_wconf 63' lang='lat' dir='ltr'>(sumamma,</span> <span class='ocrx_word' id='word_1_294' title='bbox 1131 3866 1230 3930; x_wconf 64' lang='grc'>.387”).</span> 
     </span>
     <span class='ocr_line' id='line_1_36' title="bbox 261 3929 1408 4002; baseline 0.005 -18"><span class='ocrx_word' id='word_1_295' title='bbox 261 3933 404 3997; x_wconf 76' lang='lat' dir='ltr'>emysmck</span> <span class='ocrx_word' id='word_1_296' title='bbox 424 3933 511 3996; x_wconf 69' lang='lat' dir='ltr'>(festa</span> <span class='ocrx_word' id='word_1_297' title='bbox 528 3934 558 3982; x_wconf 78' lang='lat' dir='ltr'>de</span> <span class='ocrx_word' id='word_1_298' title='bbox 578 3933 672 3993; x_wconf 77' lang='lat' dir='ltr'>Nevill,</span> <span class='ocrx_word' id='word_1_299' title='bbox 690 3947 714 3996; x_wconf 88' lang='lat' dir='ltr'>p.</span> <span class='ocrx_word' id='word_1_300' title='bbox 727 3929 810 3994; x_wconf 59' lang='lat'><strong>887⁵).</strong></span> <span class='ocrx_word' id='word_1_301' title='bbox 896 3930 1041 3984; x_wconf 73' lang='lat' dir='ltr'>³Willicm</span> <span class='ocrx_word' id='word_1_302' title='bbox 1056 3934 1080 3985; x_wconf 88' lang='lat' dir='ltr'>le</span> <span class='ocrx_word' id='word_1_303' title='bbox 1125 3950 1212 4002; x_wconf 84' lang='lat' dir='ltr'>orreys</span> <span class='ocrx_word' id='word_1_304' title='bbox 1225 3935 1337 3989; x_wconf 82' lang='lat' dir='ltr'>married</span> <span class='ocrx_word' id='word_1_305' title='bbox 1353 3936 1408 3990; x_wconf 61' lang='lat' dir='ltr'>Im</span> 
     </span>
     <span class='ocr_line' id='line_1_37' title="bbox 262 3998 1407 4067; baseline 0.005 -17"><span class='ocrx_word' id='word_1_306' title='bbox 262 3998 418 4064; x_wconf 72' lang='lat' dir='ltr'>Inquisition</span> <span class='ocrx_word' id='word_1_307' title='bbox 444 4000 521 4050; x_wconf 78' lang='lat' dir='ltr'>mken</span> <span class='ocrx_word' id='word_1_308' title='bbox 549 4003 578 4050; x_wconf 76' lang='lat' dir='ltr'>st</span> <span class='ocrx_word' id='word_1_309' title='bbox 605 3998 748 4050; x_wconf 81' lang='lat' dir='ltr'>Newcastle</span> <span class='ocrx_word' id='word_1_310' title='bbox 775 4014 809 4050; x_wconf 91' lang='lat' dir='ltr'>on</span> <span class='ocrx_word' id='word_1_311' title='bbox 861 3998 935 4061; x_wconf 82' lang='lat' dir='ltr'>belle,</span> <span class='ocrx_word' id='word_1_312' title='bbox 946 4015 994 4050; x_wconf 89' lang='lat' dir='ltr'>one</span> <span class='ocrx_word' id='word_1_313' title='bbox 1002 3999 1031 4050; x_wconf 86' lang='lat' dir='ltr'>oi</span> <span class='ocrx_word' id='word_1_314' title='bbox 1038 4000 1083 4052; x_wconf 76' lang='lat' dir='ltr'>the</span> <span class='ocrx_word' id='word_1_315' title='bbox 1091 4001 1230 4067; x_wconf 77' lang='lat' dir='ltr'>daughters</span> <span class='ocrx_word' id='word_1_316' title='bbox 1238 4004 1289 4053; x_wconf 77' lang='lat' dir='ltr'>and</span> <span class='ocrx_word' id='word_1_317' title='bbox 1297 4003 1407 4056; x_wconf 84' lang='lat' dir='ltr'>oo-heirs</span> 
     </span>
     <span class='ocr_line' id='line_1_38' title="bbox 261 4065 1409 4138; baseline 0.006 -21"><span class='ocrx_word' id='word_1_318' title='bbox 261 4065 356 4132; x_wconf 79' lang='lat' dir='ltr'>Friday</span> <span class='ocrx_word' id='word_1_319' title='bbox 378 4069 441 4117; x_wconf 75' lang='lat' dir='ltr'>next</span> <span class='ocrx_word' id='word_1_320' title='bbox 463 4066 549 4118; x_wconf 79' lang='lat' dir='ltr'>before</span> <span class='ocrx_word' id='word_1_321' title='bbox 571 4065 616 4116; x_wconf 74' lang='lat' dir='ltr'>ihc</span> <span class='ocrx_word' id='word_1_322' title='bbox 638 4067 704 4116; x_wconf 74' lang='lat' dir='ltr'>feast</span> <span class='ocrx_word' id='word_1_323' title='bbox 720 4065 748 4115; x_wconf 82' lang='lat' dir='ltr'>of</span> <span class='ocrx_word' id='word_1_324' title='bbox 769 4065 807 4116; x_wconf 75' lang='lat' dir='ltr'>st.</span> <span class='ocrx_word' id='word_1_325' title='bbox 860 4066 888 4117; x_wconf 81' lang='lat' dir='ltr'>of</span> <span class='ocrx_word' id='word_1_326' title='bbox 907 4065 985 4118; x_wconf 81' lang='lat' dir='ltr'>Peior</span> <span class='ocrx_word' id='word_1_327' title='bbox 1004 4066 1036 4118; x_wconf 87' lang='lat' dir='ltr'>ds</span> <span class='ocrx_word' id='word_1_328' title='bbox 1054 4067 1214 4134; x_wconf 70' lang='lat' dir='ltr'>coldingen</span> <span class='ocrx_word' id='word_1_329' title='bbox 1235 4067 1409 4138; x_wconf 72' lang='lat' dir='ltr'>(Eccos-ptos</span> 
     </span>
     <span class='ocr_line' id='line_1_39' title="bbox 261 4131 1125 4229; baseline 0.003 -45"><span class='ocrx_word' id='word_1_330' title='bbox 261 4132 339 4210; x_wconf 70' lang='lat' dir='ltr'>i&#39;eier</span> <span class='ocrx_word' id='word_1_331' title='bbox 356 4132 384 4183; x_wconf 93' lang='lat' dir='ltr'>in</span> <span class='ocrx_word' id='word_1_332' title='bbox 406 4131 543 4210; x_wconf 75' lang='lat' dir='ltr'>cathedra,</span> <span class='ocrx_word' id='word_1_333' title='bbox 560 4134 593 4182; x_wconf 82' lang='lat'>35</span> <span class='ocrx_word' id='word_1_334' title='bbox 610 4132 682 4184; x_wconf 73' lang='lat' dir='ltr'>now.</span> <span class='ocrx_word' id='word_1_335' title='bbox 696 4131 718 4183; x_wconf 92' lang='lat'>1.</span> <span class='ocrx_word' id='word_1_336' title='bbox 753 4131 808 4185; x_wconf 81' lang='lat' dir='ltr'>&#39;l&#39;he</span> <span class='ocrx_word' id='word_1_337' title='bbox 860 4133 919 4229; x_wconf 49' lang='lat' dir='ltr'>Bos.</span> <span class='ocrx_word' id='word_1_338' title='bbox 935 4133 1002 4197; x_wconf 72' lang='lat' dir='ltr'>mn,</span> <span class='ocrx_word' id='word_1_339' title='bbox 1014 4132 1041 4185; x_wconf 94' lang='lat' dir='ltr'>ii.</span> <span class='ocrx_word' id='word_1_340' title='bbox 1054 4137 1125 4196; x_wconf 79' lang='lat'>150).</span> 
     </span>
     <span class='ocr_line' id='line_1_40' title="bbox 260 4199 1407 4343; baseline 0.005 -26"><span class='ocrx_word' id='word_1_341' title='bbox 260 4215 367 4343; x_wconf 38' lang='lat' dir='ltr'>iifih?</span> <span class='ocrx_word' id='word_1_342' title='bbox 401 4199 499 4317; x_wconf 50' lang='lat' dir='ltr'>tildaihlsi</span> <span class='ocrx_word' id='word_1_343' title='bbox 513 4199 809 4331; x_wconf 49' lang='lat' dir='ltr'>lliiiagtomhgffl</span> <span class='ocrx_word' id='word_1_344' title='bbox 860 4266 887 4318; x_wconf 91' lang='lat' dir='ltr'>of</span> <span class='ocrx_word' id='word_1_345' title='bbox 908 4199 1407 4336; x_wconf 49' lang='lat' dir='ltr'>tithKiiiiniiwiilrtgigilgidg&#39;nAElwdz</span> 
     </span>
     <span class='ocr_line' id='line_1_41' title="bbox 262 4328 1407 4398; baseline 0.005 -14"><span class='ocrx_word' id='word_1_346' title='bbox 262 4332 376 4384; x_wconf 82' lang='lat' dir='ltr'>Bmhard</span> <span class='ocrx_word' id='word_1_347' title='bbox 392 4333 423 4384; x_wconf 84' lang='lat' dir='ltr'>de</span> <span class='ocrx_word' id='word_1_348' title='bbox 440 4328 566 4398; x_wconf 82' lang='lat' dir='ltr'>Homoley</span> <span class='ocrx_word' id='word_1_349' title='bbox 582 4332 682 4384; x_wconf 83' lang='lat' dir='ltr'>enclose</span> <span class='ocrx_word' id='word_1_350' title='bbox 699 4331 739 4382; x_wconf 87' lang='lat' dir='ltr'>his</span> <span class='ocrx_word' id='word_1_351' title='bbox 756 4334 807 4384; x_wconf 74' lang='lat' dir='ltr'>two</span> <span class='ocrx_word' id='word_1_352' title='bbox 860 4333 954 4395; x_wconf 63' lang='lat' dir='ltr'>Novell,</span> <span class='ocrx_word' id='word_1_353' title='bbox 976 4349 1001 4398; x_wconf 81' lang='lat' dir='ltr'>p.</span> <span class='ocrx_word' id='word_1_354' title='bbox 1024 4336 1095 4397; x_wconf 86' lang='grc'><strong>389),</strong></span> <span class='ocrx_word' id='word_1_355' title='bbox 1117 4336 1168 4386; x_wconf 81' lang='lat' dir='ltr'>and</span> <span class='ocrx_word' id='word_1_356' title='bbox 1194 4337 1240 4389; x_wconf 81' lang='lat' dir='ltr'>the</span> <span class='ocrx_word' id='word_1_357' title='bbox 1261 4353 1352 4390; x_wconf 74' lang='lat' dir='ltr'>monor</span> <span class='ocrx_word' id='word_1_358' title='bbox 1379 4337 1407 4390; x_wconf 80' lang='lat' dir='ltr'>oi</span> 
     </span>
     <span class='ocr_line' id='line_1_42' title="bbox 261 4397 1406 4471; baseline 0.007 -22"><span class='ocrx_word' id='word_1_359' title='bbox 261 4399 346 4450; x_wconf 76' lang='lat' dir='ltr'>woodo</span> <span class='ocrx_word' id='word_1_360' title='bbox 356 4399 384 4450; x_wconf 89' lang='lat' dir='ltr'>in</span> <span class='ocrx_word' id='word_1_361' title='bbox 396 4398 541 4462; x_wconf 71' lang='lat' dir='ltr'>Alwenhon,</span> <span class='ocrx_word' id='word_1_362' title='bbox 552 4398 580 4450; x_wconf 79' lang='lat' dir='ltr'>of</span> <span class='ocrx_word' id='word_1_363' title='bbox 588 4397 672 4450; x_wconf 82' lang='lat' dir='ltr'>which</span> <span class='ocrx_word' id='word_1_364' title='bbox 689 4414 737 4450; x_wconf 88' lang='lat' dir='ltr'>one</span> <span class='ocrx_word' id='word_1_365' title='bbox 748 4413 807 4450; x_wconf 90' lang='lat' dir='ltr'>oon·</span> <span class='ocrx_word' id='word_1_366' title='bbox 859 4400 877 4451; x_wconf 83' lang='lat' dir='ltr'>s</span> <span class='ocrx_word' id='word_1_367' title='bbox 927 4399 1065 4453; x_wconf 83' lang='lat' dir='ltr'>&#39;nesoheles</span> <span class='ocrx_word' id='word_1_368' title='bbox 1075 4400 1103 4452; x_wconf 89' lang='lat' dir='ltr'>in</span> <span class='ocrx_word' id='word_1_369' title='bbox 1112 4401 1225 4466; x_wconf 68' lang='lat' dir='ltr'>Tindele,</span> <span class='ocrx_word' id='word_1_370' title='bbox 1236 4404 1264 4455; x_wconf 78' lang='lat' dir='ltr'>oi</span> <span class='ocrx_word' id='word_1_371' title='bbox 1274 4405 1319 4457; x_wconf 76' lang='lat' dir='ltr'>the</span> <span class='ocrx_word' id='word_1_372' title='bbox 1331 4404 1406 4471; x_wconf 76' lang='lat' dir='ltr'>King</span> 
     </span>
     <span class='ocr_line' id='line_1_43' title="bbox 261 4465 1392 4540; baseline 0.007 -23"><span class='ocrx_word' id='word_1_373' title='bbox 261 4466 330 4517; x_wconf 80' lang='lat' dir='ltr'>teins</span> <span class='ocrx_word' id='word_1_374' title='bbox 346 4468 380 4518; x_wconf 78' lang='grc'>40</span> <span class='ocrx_word' id='word_1_375' title='bbox 395 4481 465 4518; x_wconf 85' lang='lat' dir='ltr'>acres</span> <span class='ocrx_word' id='word_1_376' title='bbox 481 4465 588 4518; x_wconf 76' lang='lat' dir='ltr'>sndthe</span> <span class='ocrx_word' id='word_1_377' title='bbox 598 4465 673 4518; x_wconf 77' lang='lat' dir='ltr'>other</span> <span class='ocrx_word' id='word_1_378' title='bbox 684 4469 718 4518; x_wconf 77' lang='lat'>80</span> <span class='ocrx_word' id='word_1_379' title='bbox 728 4480 807 4530; x_wconf 82' lang='lat' dir='ltr'>acres,</span> <span class='ocrx_word' id='word_1_380' title='bbox 859 4482 874 4518; x_wconf 91' lang='grc' dir='ltr'>ο</span> <span class='ocrx_word' id='word_1_381' title='bbox 897 4466 1017 4520; x_wconf 72' lang='lat' dir='ltr'>scotland</span> <span class='ocrx_word' id='word_1_382' title='bbox 1029 4465 1096 4534; x_wconf 76' lang='lat' dir='ltr'>(Iter</span> <span class='ocrx_word' id='word_1_383' title='bbox 1112 4469 1242 4536; x_wconf 60' lang='lat' dir='ltr'>work,</span> <span class='ocrx_word' id='word_1_384' title='bbox 1252 4485 1278 4538; x_wconf 81' lang='lat' dir='ltr'>p.</span> <span class='ocrx_word' id='word_1_385' title='bbox 1290 4473 1392 4540; x_wconf 81' lang='lat' dir='ltr'>miv).</span> 
     </span>
     <span class='ocr_line' id='line_1_44' title="bbox 262 4531 806 4586; baseline 0 -1"><span class='ocrx_word' id='word_1_386' title='bbox 262 4532 314 4585; x_wconf 81' lang='lat' dir='ltr'>and</span> <span class='ocrx_word' id='word_1_387' title='bbox 331 4548 348 4584; x_wconf 81' lang='lat' dir='ltr'>a</span> <span class='ocrx_word' id='word_1_388' title='bbox 364 4531 461 4586; x_wconf 76' lang='lat' dir='ltr'>certain</span> <span class='ocrx_word' id='word_1_389' title='bbox 480 4533 553 4585; x_wconf 78' lang='lat' dir='ltr'>wood</span> <span class='ocrx_word' id='word_1_390' title='bbox 568 4535 598 4585; x_wconf 76' lang='lat' dir='ltr'>at</span> <span class='ocrx_word' id='word_1_391' title='bbox 614 4531 728 4586; x_wconf 77' lang='lat' dir='ltr'>Ghsmu&#39;</span> <span class='ocrx_word' id='word_1_392' title='bbox 747 4547 806 4585; x_wconf 86' lang='lat' dir='ltr'>ocn-</span> 
     </span>
    </p>
   </div>
   <div class='ocr_carea' id='block_1_7' title="bbox 0 0 1657 5104">
    <p class='ocr_par' dir='ltr' id='par_1_8' title="bbox 0 0 1657 5104">
     <span class='ocr_line' id='line_1_45' title="bbox 0 0 1657 5104; baseline 0 0"><span class='ocrx_word' id='word_1_393' title='bbox 0 0 1657 5104; x_wconf 95' lang='lat' dir='ltr'> </span> 
     </span>
    </p>
   </div>
  </div>
 </body>
</html>
