3280 5112
341 551 455 596 166111
477 551 576 610 noun,
599 549 934 611 uournuussnnsuu,
957 530 1000 595 40
1023 549 1105 595 1161.
1128 550 1182 594 111.
1294 529 1335 594 15

192 706 327 791 gurgite
349 705 387 769 in
401 704 564 792 praedicta
585 704 677 786 villa,
700 708 777 792 post
801 704 994 785 terminum,
1014 705 1092 784 eta,
1113 702 1193 789 quia
1215 702 1335 769 dieunt

191 794 279 879 quod
309 813 425 859 revera
454 793 662 858 consuetudo
688 791 808 878 patriae
833 795 886 859 est
910 791 991 856 talis
1018 791 1107 875 quod
1132 811 1250 857 omnes
1277 789 1335 876 qui

191 880 317 945 habent
347 878 501 966 gurgites
531 879 568 944 in
591 879 752 964 predicta
775 901 863 964 aqna
892 879 933 944 de
963 879 1066 964 Tyne,
1096 878 1162 964 ipsi
1191 881 1336 963 possunt

191 967 344 1052 gurgites
363 966 454 1033 suosl
476 987 629 1034 amovere
651 968 692 1032 (16
707 988 776 1032 uno
790 966 863 1032 loco
878 965 913 1031 in
929 965 1034 1031 alium
1057 971 1223 1050 quantum
1240 969 1334 1030 tene-

190 1059 343 1121 mentum
368 1055 518 1141 ipsorum
545 1055 646 1119 durat
668 1061 703 1119 et
725 1054 905 1140 aliquando
928 1073 1053 1139 ponere
1079 1055 1233 1139 gurgites
1257 1073 1335 1118 suos

190 1163 293 1227 prope
317 1141 411 1206 filum
433 1163 527 1226 aquus
549 1141 731 1242 aliquando
745 1162 849 1228 prope
862 1146 999 1207 terram.
1044 1140 1089 1205 Et
1104 1140 1223 1205 dieunt
1246 1140 1336 1224 quod

191 1249 307 1294 omnes
345 1232 573 1294 antecessores
607 1229 714 1315 1psius
749 1229 919 1294 Johannis
957 1248 1088 1312 semper
1124 1226 1266 1293 fuerunt
1298 1226 1335 1290 in

192 1315 318 1381 seisina
331 1316 488 1382 habendo
509 1316 708 1401 praediotum
723 1316 895 1402 gurgitem
910 1314 946 1379 in
960 1315 1122 1400 praedicta
1137 1336 1233 1400 aqua.
1292 1315 1336 1378 Et

190 1403 372 1488 predictus
399 1403 572 1469 Johannes
598 1403 764 1483 similiter,
781 1403 832 1466 ita
857 1403 947 1486 quod
976 1403 1048 1487 ipse
1070 1402 1245 1467 Johannes
1269 1403 1335 1468 ‘am

192 1494 337 1575 quatuor
345 1490 445 1556 anuis
455 1490 577 1575 elapsis
593 1489 718 1555 amovit
733 1489 926 1575 preadictum
941 1489 1110 1575 gurgitem
1126 1489 1168 1554 de
1178 1509 1247 1553 uno
1275 1509 1336 1554 ooo

192 1578 228 1641 in
248 1577 427 1662 quemdam
455 1577 558 1642 alium
582 1577 694 1642 loeum
719 1578 755 1641 iu
778 1581 973 1643 tenemento
998 1597 1069 1658 suo,
1095 1576 1184 1642 siout
1208 1576 1268 1640 alii
1294 1576 1336 1641 de

192 1664 304 1750 patria
317 1664 475 1731 fecerunt
494 1685 571 1730 oum
594 1685 729 1730 necesse
743 1664 860 1745 fuerit,
878 1663 1007 1730 scilieet
1022 1663 1155 1748 qnando
1168 1663 1336 1748 praediotae

193 1752 346 1838 gurgites
362 1752 587 1817 obstruuntur
602 1773 663 1837 per
684 1773 823 1819 arenam
845 1772 950 1836 aquae.
995 1751 1041 1816 Et
1063 1755 1147 1816 tuno
1169 1753 1336 1817 venerunt

191 1839 345 1924 praedioti
363 1838 533 1904 Robertus
549 1843 585 1904 et
600 1860 715 1906 omnes
730 1838 800 1918 alii,
817 1841 852 1904 et
867 1837 1081 1923 quamplures
1105 1837 1164 1902 alii
1185 1838 1243 1924 qui
1267 1858 1336 1902 uon

193 1926 413 1991 nominantur
426 1926 462 1990 in
477 1926 581 2006 brevi,
594 1947 671 1992 oum
688 1926 831 1993 arcubus
846 1929 882 1990 et
896 1925 1044 2010 sagittis,
1061 1925 1192 1990 haehiis
1208 1928 1244 1990 et
1259 1924 1336 1990 eliis

193 2013 295 2078 armis
319 2016 355 2078 et
375 2016 633 2098 prostraverunt
652 2013 847 2098 praedictum
864 2012 1045 2098 gurgitem.
1099 2013 1146 2076 Et
1160 2012 1235 2079 ideo
1258 2033 1336 2078 eon·

194 2100 378 2167 sideratum
398 2102 452 2166 est
475 2101 564 2184 quod
586 2101 767 2186 praediotus
793 2120 918 2187 gurges
943 2098 1115 2164 reficiatur
1138 2099 1337 2165 adsuetum

192 2187 345 2272 predicti
360 2187 501 2254 Roberti
516 2191 552 2252 et
581 2187 735 2267 aliorum,
750 2209 810 2272 per
835 2187 945 2252 visum
971 2187 1231 2270 recognitorum.
1290 2187 1336 2251 111

192 2274 346 2359 praedioti
360 2274 529 2340 Robortus
545 2274 655 2339 etalii
670 2274 707 2338 in
723 2273 809 2339 mis’.
854 2273 1012 2358 Dampna
1026 2271 1108 2338 xls’.

257 2361 304 2426 Et
332 2361 412 2446 quia
432 2363 600 2447 juratores
621 2365 795 2428 testantur
814 2360 902 2446 quod
920 2360 1083 2445 praedicta
1103 2359 1250 2445 dampna
1266 2360 1335 2425 xls'

193 2448 365 2514 sufficiunt
380 2448 424 2513 ad
438 2448 656 2514 reficiendum
667 2449 864 2534 pradictum
879 2447 1050 2534 gurgitem
1066 2449 1101 2513 et
1116 2447 1272 2514 similiter
1294 2448 1336 2513 ad

193 2534 460 2602 satisfioieudum
479 2535 511 2600 ei
533 2535 575 2600 de
590 2535 746 2621 dampnis
765 2535 835 2600 suis
850 2557 924 2620 qua
939 2535 1011 2619 ipse
1026 2534 1148 2600 habuit
1162 2534 1336 2600 oooasione

191 2622 358 2708 praedietae
379 2622 618 2708 prostrationis
641 2621 795 2708 praedieti
812 2622 960 2708 gurgitis
982 2641 1088 2706 usque
1109 2642 1209 2687 nune.
1256 2621 1337 2687 Ideo

192 2709 366 2777 reficiatur
389 2709 570 2795 proediotus
597 2731 720 2795 gurges
744 2711 788 2774 ad
814 2712 949 2775 eustum
977 2709 1129 2794 praedioti
1155 2709 1336 2790 Johannis,

193 2803 269 2878 ete,
285 2801 321 2862 et
336 2817 405 2862 non
420 2796 463 2862 ad
479 2800 614 2863 oustum
629 2796 783 2882 praedicti
797 2795 939 2863 Roberti
954 2799 990 2862 et
1004 2795 1158 2877 aliorum,
1175 2799 1239 2862 eto.

259 2917 376 2982 Simon
391 2917 431 2984 de
447 2915 670 2984 (116666116111
686 2918 910 2984 summonitus
925 2917 995 2982 fuit
1009 2917 1053 2981 ad
1065 2917 1336 3002 respondendum

193 3004 305 3070 Priori
328 3005 370 3070 de
392 3005 565 3090 Tynemue
595 3005 636 3070 de
661 3005 790 3090 placito
819 3005 907 3089 quod
934 3003 1149 3070 wamontizet
1172 3005 1204 3072 ei
1233 3026 1336 3070 unam

194 3113 306 3158 noram
322 3096 421 3158 terrae
436 3113 509 3158 oum
537 3091 755 3177 pertinentiis
782 3092 818 3155 in
843 3091 1081 3172 Gresoewell'‚³
1107 3114 1207 3176 quam
1229 3095 1336 3172 tenet,

193 3185 259 3246 etc.
304 3179 351 3244 111
365 3179 455 3244 unde
471 3181 600 3244 cartam
614 3178 757 3244 Roberti
772 3179 814 3244 de
833 3177 1037 3258 Gresewell’‚
1051 3179 1161 3263 patris
1183 3179 1338 3264 praedieti

195 3264 343 3334 Simonis
374 3267 469 3352 eujus
498 3266 596 3331 heres
622 3266 698 3351 ipse
722 3269 786 3347 est,
811 3269 889 3344 ete,
915 3264 1028 3330 hebet.
1074 3266 1338 3334 1111111116111611

194 3353 284 3439 quod
312 3353 494 3438 pradictus
537 3353 707 3418 Robertus
744 3353 785 3418 de
823 3351 1024 3433 Gresewell',
1052 3357 1151 3438 pater
1185 3354 1338 3438 praedieti

196 3439 356 3520 Simonis,
385 3439 541 3506 feoffavit
576 3439 730 3506 Priorem
764 3439 963 3525 praediotum
1000 3439 1042 3504 de
1066 3440 1228 3525 praediotu
1259 3461 1339 3506 aera

194 3530 302 3608 terrae,
325 3527 510 3592 tenendum
542 3526 608 3592 sibi
644 3530 679 3592 et
709 3525 957 3593 suecessoribus
988 3525 1057 3592 suis
1087 3527 1123 3590 in
1152 3549 1272 3613 puram
1302 3533 1338 3594 et

193 3617 391 3700 perpetuam
406 3613 634 3695 elemosinam,
648 3614 690 3680 ad
702 3614 936 3680 edificandum
952 3617 988 3678 et
1004 3615 1046 3678 ad
1058 3612 1159 3679 blada
1171 3636 1233 3680 sua
1244 3614 1337 3680 eolli-

196 3701 346 3788 gendum
361 3704 396 3766 et
410 3702 653 3786 reponendum,
670 3721 748 3766 oum
762 3699 878 3766 liboris
905 3699 1104 3767 introitibus
1120 3707 1155 3766 et
1178 3701 1337 3784 exitibus,

195 3793 259 3854 eto.
313 3788 367 3853 Et·
376 3788 465 3873 quod
479 3787 551 3873 ipse
570 3792 605 3854 et
628 3788 769 3854 heredes
796 3787 850 3852 sui
871 3786 1066 3873 praedictam
1090 3788 1237 3873 placium
1263 3811 1339 3855 eum

194 3875 364 3961 praedietis
386 3875 624 3961 suprascriptis
647 3874 972 3955 warrantizavetint,
995 3877 1058 3940 eto.
1086 3895 1147 3960 per
1168 3877 1339 3961 quandam

189 3965 323 4028 eurtum
360 3983 460 4046 quam
505 3963 649 4047 proffert
685 3967 720 4028 et
757 3984 830 4048 quae
866 3963 932 4028 hoo
967 3965 1124 4028 testatur.
1192 3963 1340 4045 Quidam

195 4049 368 4115 Johannes
385 4049 427 4116 de
441 4049 599 4135 Haydon'
610 4048 692 4114 tulit
704 4050 876 4134 quandam
887 4049 1031 4114 assisam
1043 4069 1136 4115 novae
1152 4049 1339 4118 disseisiuae

196 4138 237 4203 de
253 4157 430 4202 commune
444 4141 592 4221 pasturae
608 4157 676 4201 suae
691 4136 728 4200 in
742 4136 904 4224 praedicta
929 4135 1051 4222 pincia,
1067 4157 1179 4202 eoram
1203 4137 1340 4204 domino

195 4225 289 4311 Rege
304 4227 340 4290 et
354 4223 505 4289 Henrioo
521 4223 563 4288 de
577 4223 776 4309 Wyngham
803 4223 992 4290 eanoelario
1019 4223 1149 4288 domini
1173 4225 1278 4310 Regis
1305 4228 1341 4292 et

229 4352 310 4406 11116
337 4353 433 4420 gender
461 4351 488 4406 oi
512 4367 607 4419 gurges
634 4351 656 4404 is
684 4367 741 4406 oon·
794 4352 895 4415 Balliol,
918 4351 964 4404 did
986 4353 1067 4420 teulty
1090 4355 1118 4404 1ο
1140 4353 1252 4406 Edwsrd
1277 4353 1340 4405 Lat

196 4421 269 4475 {used
793 4418 1340 4485 Berniek‚2snug.1eeo(1³uin’scal.,

228 4459 345 4538 ’simon
356 4487 387 4538 ue
399 4485 528 4538 erman
545 4485 572 4536 or
591 4485 742 4552 essenus
793 4485 831 4547 1.,
843 4487 893 4537 uo.
906 4485 977 4550 616).

196 4555 224 4604 61
252 4553 403 4620 Boxburgh,
423 4569 456 4605 on
475 4552 602 4604 adherent
621 4557 648 4603 to
668 4552 742 4604 John
827 4551 1187 4606 ³cresswellinwoodh0rn
1196 4552 1295 4607 Parish.
