3272 5092
276 509 340 576 248
447 530 562 577 sssrzn
584 530 682 590 noun,
705 529 1042 590 nonsummum),
1068 507 1086 575 7
1109 529 1196 575 aur.
1220 529 1245 574 1.

275 695 348 779 ipse
364 699 416 760 est
439 693 593 779 capitalis
614 692 771 758 dominus
789 693 831 758 de
852 693 1014 778 Roubyr',
1030 696 1066 757 et
1083 691 1171 776 quod
1189 691 1280 757 idem
1299 690 1429 757 Willel-

276 804 353 847 mus
392 785 488 846 tenet
526 802 633 845 unum
667 781 880 866 mesuagium
912 785 947 848 et
977 801 1081 845 unam
1115 801 1228 846 acram
1259 783 1359 846 terra
1390 781 1429 842 in

274 869 498 953 Bouthebyr',
507 868 598 934 unde
613 867 697 934 dicit
712 867 803 952 quod
813 868 885 954 ipse
897 869 1074 953 approavit
1086 867 1151 933 sibi
1161 867 1240 932 inde
1249 866 1426 1016 praedictas

276 961 413 1021 centum
444 977 539 1022 acras
565 976 666 1020 morae
706 960 742 1022 et
776 955 927 1041 busceyae
966 955 1054 1020 sicut
1082 955 1113 1019 ei
1137 954 1222 1019 bene
1261 953 1347 1020 icuit
1368 973 1427 1039 per
1527 978 1529 981 ·

275 1044 501 1128 provisionem
529 1043 571 1109 de
601 1042 759 1124 Merton',
788 1041 888 1108 salvis
916 1041 1026 1107 eidem
1049 1041 1218 1109 Willelmc
1243 1041 1350 1107 libero
1376 1041 1426 1105 in·

276 1153 392 1215 gressu
423 1134 458 1196 et
487 1130 674 1197 sufficiente
697 1135 848 1216 pastura,
879 1132 1045 1213 quantum
1078 1129 1228 1214 pertinet
1259 1129 1303 1193 ad
1334 1132 1426 1196 tene·

278 1221 432 1284 mentum
451 1239 550 1283 suum
576 1217 613 1281 iu
642 1218 759 1282 eadem
779 1216 869 1282 villa.
925 1217 971 1280 ut
999 1216 1085 1282 dicit
1111 1216 1200 1300 quod
1225 1214 1299 1301 ipse
1325 1216 1428 1281 habet

276 1304 499 1370 sufficientem
520 1309 695 1390 pasturam
720 1325 797 1370 cum
817 1303 931 1370 liberis
949 1303 1111 1405 ingressu
1132 1307 1168 1368 et
1183 1323 1321 1404 egressu
1335 1305 1430 1368 extra

275 1391 858 1545 tittttt⁶¹¹tattt⁰tt
877 1395 1342 1562 tttttttttittttr
1355 1391 1432 1542 df,

276 1567 314 1631 in
338 1568 424 1632 mis’,
470 1566 647 1648 Jmatores
677 1565 796 1631 dicunt
826 1585 927 1650 super
950 1569 1198 1630 sacramentum
1223 1586 1320 1630 suum
1342 1565 1432 1650 quod

277 1653 457 1739 praedictus
472 1652 665 1718 Willeimus
681 1653 786 1719 habet
801 1653 1021 1718 sufficientem
1042 1656 1216 1736 pasturam
1233 1657 1331 1717 extra
1345 1673 1429 1736 prce-

276 1743 386 1806 dictas
402 1747 539 1806 centum
560 1763 666 1820 acrae,
694 1762 772 1806 cum
793 1739 907 1806 liberis
927 1740 1085 1824 ingressu
1099 1745 1134 1804 et
1150 1761 1299 1825 egressu,
1322 1761 1430 1823 quau-

279 1834 353 1893 tum
375 1829 523 1912 pertinet
542 1829 586 1893 ad
604 1831 836 1894 tenementum
855 1827 1004 1892 suumin
1021 1827 1242 1912 Routhebyr’.
1282 1827 1328 1890 Et
1353 1827 1429 1892 ideo

278 1916 530 1981 consideratum
553 1920 605 1981 est
628 1916 716 2000 quod
742 1914 922 2000 praedictus
944 1914 1114 1979 Robertus
1129 1916 1163 1978 et
1184 1913 1244 1978 alii
1259 1914 1337 1978 inde
1358 1912 1430 1979 sine

270 2004 341 2084 die,
357 2008 393 2068 et
407 2002 597 2068 Willelmus
616 2001 723 2068 nichil
745 2003 858 2087 capiat
877 2023 939 2088 per
960 2001 1101 2067 assisam
1123 2003 1237 2082 istam,
1254 2007 1307 2068 set
1328 2001 1430 2066 sitin

277 2091 353 2156 mis'
374 2111 435 2175 pro
453 2089 542 2155 falso
561 2090 716 2169 clamore,
737 2094 802 2156 etc.

342 2245 509 2310 Ricardus
527 2244 569 2311 de
588 2244 715 2328 Ryhill'
728 2247 763 2309 et
780 2244 948 2322 Johanna,
966 2263 1051 2308 uxor
1073 2245 1156 2327 ejus,
1177 2247 1300 2328 petunt
1316 2263 1430 2309 versus

278 2332 419 2398 Petrum
441 2332 482 2397 de
503 2332 653 2396 Faudcn’
669 2353 775 2396 unum
797 2331 1021 2416 mesuagium,
1041 2330 1188 2416 triginta
1203 2334 1239 2396 et
1259 2351 1316 2395 sex
1334 2351 1430 2396 acras

276 2422 384 2502 terra,
405 2423 440 2486 et
460 2420 545 2483 duas
564 2440 658 2484 acrae
680 2419 770 2503 prati
786 2439 863 2483 cum
883 2417 1100 2503 pertinentiis
1118 2417 1155 2481 in
1176 2416 1305 2501 Ryhill‚
1321 2422 1362 2482 ut
1374 2419 1429 2503 jus

276 2507 383 2592 ipsius
398 2506 577 2586 Johanna,
593 2512 627 2572 et
644 2505 679 2570 in
696 2527 769 2591 quae
783 2505 874 2571 idem
889 2505 1012 2570 Petrus
1028 2525 1098 2568 nou
1116 2503 1221 2570 habet
1239 2505 1429 2589 ingressum

277 2594 344 2658 nisi
364 2614 424 2679 per
438 2594 625 2659 Robertum
648 2594 689 2658 de
712 2591 930 2672 Schouland,¹
957 2591 1012 2656 cui
1038 2591 1205 2657 Ricardus
1232 2591 1274 2657 de
1301 2591 1428 2677 Ryhill,

276 2681 384 2746 frater
406 2681 574 2765 praedictae
593 2680 770 2761 Johannae,
786 2679 885 2765 cujus
908 2679 1005 2744 heres
1026 2677 1100 2764 ipsa
1124 2683 1187 2760 est,
1212 2679 1273 2743 illa
1299 2679 1431 2744 dimisit

276 2769 358 2832 dum
372 2788 441 2833 non
456 2767 527 2832 tuit
542 2788 677 2852 compos
692 2766 817 2832 mentis
834 2787 913 2846 suae,
931 2770 996 2832 etc.
1266 2785 1271 2800 ·

341 2857 388 2920 Et
407 2855 530 2920 Petrus
551 2856 645 2920 venit
665 2860 700 2920 et
718 2852 874 2919 defendit
896 2854 1082 2938 jussuum,
1105 2852 1250 2936 quando,
1274 2856 1338 2918 etc.
1385 2854 1431 2917 Et

275 2943 361 3010 bene
395 2942 570 3028 segnescit
598 2943 688 3027 quod
719 2940 823 3005 habet
850 2941 1040 3027 ingressum
1070 2941 1106 3004 in
1139 2939 1308 3025 predictis
1332 2943 1430 3006 tene·

276 3030 401 3097 mentis
415 3029 688 3115 perpraedictum
715 3028 914 3108 Rcbertum,
939 3030 992 3092 set
1021 3028 1105 3094 dicit
1137 3028 1225 3112 quod
1248 3028 1431 3113 predictus

278 3117 443 3183 Ricardus
467 3117 509 3183 de
531 3116 657 3203 Ryhffl,
681 3116 789 3180 frater
816 3115 983 3200 praedictae
1006 3115 1274 3194 Johannae,fi1it
1298 3135 1432 3200 compos

276 3205 402 3272 mentis
419 3226 487 3270 sure
507 3208 542 3270 et
558 3225 648 3270 sana
661 3203 831 3270 memoriae
841 3203 895 3270 die
907 3223 974 3286 quo
986 3206 1182 3268 tenementa
1196 3202 1256 3266 illa
1270 3204 1431 3288 praedicto

278 3292 428 3358 Rcberto
441 3291 581 3356 dimisit.
625 3293 668 3355 ut
684 3292 725 3356 de
740 3291 805 3356 hoc
820 3291 917 3375 ponit
936 3310 971 3354 se
987 3310 1088 3375 super
1105 3290 1264 3374 patriam.
1308 3292 1355 3355 Et
1372 3289 1432 3354 Ri-

279 3380 400 3446 cardus
412 3383 447 3444 et
457 3379 480 3442 J
481 3379 618 3443 ohanna
634 3377 799 3443 similiter.
831 3377 913 3442 Ideo
929 3378 991 3440 fiat
1005 3377 1085 3443 iude
1099 3377 1225 3462 jurata.
1256 3377 1279 3442 J
1281 3382 1433 3444 uratcres

277 3467 397 3533 dicunt
417 3488 516 3551 super
536 3469 786 3531 sacramentum
816 3486 915 3529 suum
935 3465 1025 3549 quod
1054 3465 1236 3549 praedictus
1267 3465 1431 3530 Ricardus

278 3554 319 3618 de
335 3553 480 3638 aymus,
491 3553 600 3618 frater
614 3553 781 3638 praedicte
796 3552 819 3616 J
820 3552 973 3631 ohanna,
989 3551 1139 3616 nonfuit
1155 3571 1289 3636 compos
1304 3553 1429 3618 mentis

278 3663 356 3706 suae.
402 3641 447 3705 at
465 3641 541 3705 ideo
562 3641 810 3707 consideratum
833 3638 991 3723 estquod
1011 3639 1191 3724 praedictus
1214 3640 1379 3704 Ricardus
1396 3643 1431 3706 et

277 3729 300 3792 J
302 3728 440 3793 ohanna
454 3730 654 3812 recuperent
669 3727 837 3812 sepsinam
854 3748 961 3806 suam,
977 3729 1013 3791 et
1028 3726 1150 3792 Petrus
1166 3727 1202 3790 in
1219 3726 1306 3807 mis',
1322 3731 1388 3792 etc.

345 3883 475 3949 Alanus
490 3881 580 3947 filius
595 3883 618 3948 J
619 3881 763 3948 ohannis
778 3881 821 3947 de
836 3877 1095 3967 Walkimgham²
1110 3881 1235 3967 optulit
1245 3902 1280 3947 se
1292 3882 1367 3968 ffijc
1381 3882 1436 3949 die

279 3991 394 4038 versus
416 3970 527 4035 Adam
553 3972 594 4035 de
618 3970 762 4054 Bolteby
782 3969 824 4034 de
841 3968 968 4054 placito
987 3968 1078 4053 quod
1095 3972 1215 4035 teneat
1234 3969 1265 4034 ei
1286 3990 1431 4036 conven-

278 4059 408 4124 tionem
439 4058 530 4122 inter
559 4077 615 4122 eos
643 4057 772 4122 factam
803 4057 845 4123 de
876 4057 1026 4122 manerio
1060 4056 1101 4121 de
1132 4055 1285 4142 Bolteby,
1313 4058 1429 4124 decem

277 4145 410 4212 libratis
448 4149 484 4210 et
520 4145 668 4230 quinque
703 4143 863 4210 marcatis
900 4147 1000 4208 terrae
1031 4164 1107 4208 cum
1144 4142 1361 4228 pertinentiis
1392 4145 1429 4208 in

278 4232 468 4320 Langeleye
498 4237 533 4297 et
562 4231 746 4316 Halweley.
807 4232 852 4298 ut
883 4231 955 4316 ipse
990 4251 1059 4295 non
1094 4230 1199 4296 venit.
1260 4231 1306 4296 Et
1336 4252 1427 4296 sum-

312 4413 320 4446 ¹
338 4414 373 4466 In
385 4411 570 4481 Matingham’s
581 4413 642 4465 Bcll
652 4412 704 4466 this
715 4411 738 4464 is
749 4413 826 4465 Sosu-
877 4412 936 4464 dau.
948 4413 976 4464 ot
992 4411 1078 4464 Adam
1095 4411 1127 4464 ds
1148 4411 1265 4479 Bolteby.
1299 4413 1354 4466 The
1376 4413 1431 4466 nid

279 4481 345 4534 lsrd.
877 4479 1015 4532 Alaudied
1025 4479 1054 4530 in
1066 4482 1098 4531 la
1109 4479 1180 4532 fflw.
1188 4479 1221 4543 1.,
1230 4479 1332 4547 leaving
1340 4481 1430 4533 Adam

312 4546 323 4578 ²
334 4547 440 4602 Alsnde
449 4547 637 4615 Wallsingham
644 4546 754 4599 married
763 4545 826 4612 lira,
877 4546 918 4599 his
929 4563 975 4598 son
985 4547 1037 4599 and
1048 4546 1104 4598 heir
1123 4545 1193 4609 (Oct.
1206 4549 1276 4610 Gon„
1285 4549 1302 4601 i.
1315 4549 1386 4609 ast).
