3272 5092
282 498 347 564 224
456 519 569 564 seems
592 520 691 582 noan,
715 519 1054 581 ιοιιιιιιιιιιιιιιιιι,
1079 499 1098 566 7
1121 520 1209 567 ιιι.
1231 522 1255 567 1.

280 673 408 758 placita
423 675 528 760 Regis
544 696 656 740 coram
673 695 712 742 eo
729 675 926 760 assignatis,
941 673 1152 760 judicialiter
1165 674 1235 740 fuit
1250 675 1431 740 diffinitum

280 761 370 845 quod
384 762 516 826 nullum
532 762 730 848 cornagium
746 763 788 827 de
804 763 905 827 terris
921 769 957 826 et
978 763 1183 827 tenementis
1206 764 1242 826 in
1265 764 1430 828 comitatu

280 849 349 913 isto
370 852 422 914 est
437 871 539 914 cansa
553 849 703 915 habendi
719 851 909 915 custodiam
924 855 959 915 et
973 850 1037 914 hoc
1052 849 1122 914 fuit
1137 871 1239 916 causa
1254 852 1427 935 cujusdam

280 935 399 1020 placiti
414 937 455 1001 de
472 937 625 1002 custodia
641 937 732 1000 inter
746 937 933 1002 Robertum
949 937 991 1001 de
1006 937 1125 1002 Insula
1137 941 1172 1001 et
1183 937 1375 1003 Johannem
1387 939 1428 1002 de

281 1023 513 1109 Hertweyton’
557 1025 599 1090 de
645 1024 800 1090 custodia
842 1025 1069 1088 maneriorum
1115 1024 1156 1089 de
1200 1025 1357 1091 Fenewilr
1393 1030 1428 1092 et

279 1111 470 1175 Matffenn’.
517 1113 563 1176 Et
583 1111 763 1196 praedictus
785 1112 960 1176 Johannes
984 1112 1025 1176 de
1052 1111 1181 1176 Helton
1206 1111 1312 1176 nichil
1335 1113 1429 1177 aliud

280 1199 430 1262 ostendit
454 1219 557 1283 quare
584 1199 772 1264 custodiam
796 1199 992 1284 praedictam
1017 1198 1142 1265 habere
1166 1200 1296 1264 debeat.
1343 1202 1430 1265 Con-

280 1285 462 1350 sideratum
489 1288 541 1350 est
565 1287 655 1386 qnod
680 1286 862 1370 praedictus
886 1286 1057 1350 Robertus
1079 1289 1254 1371 recuperet
1270 1287 1430 1352 seisinam

279 1395 386 1454 suam,
402 1379 437 1438 et
452 1372 652 1437 Johannes'
643 1395 680 1436 ιιι
695 1373 781 1437 mis’.
828 1374 874 1436 Et
890 1373 1084 1456 inquiratur
1098 1373 1140 1437 de
1156 1375 1323 1458 dampnis,
1338 1379 1403 1440 etc.

344 1460 366 1524 J
367 1465 520 1525 aratores
535 1461 654 1525 dicunt
670 1481 770 1545 super
780 1464 1029 1525 sacramentum
1040 1482 1138 1524 suum
1151 1462 1238 1545 qnod
1249 1462 1429 1546 praedictus

279 1548 448 1612 Robertus
494 1547 659 1612 sustinuit
695 1547 843 1632 dampna
878 1545 1107 1647 quadraginta
1145 1552 1179 1612 et
1219 1548 1429 1631 duarnmm',

280 1635 454 1699 occasione
470 1635 558 1719 quod
581 1634 760 1720 praedictus
786 1634 961 1698 Johannes
987 1634 1018 1697 ei
1043 1633 1244 1699 deforciavit
1268 1598 1429 1721 praedicta,

280 1725 475 1788 tenemento
511 1743 532 1786 a
572 1725 722 1807 tempore
760 1722 880 1785 mortis
916 1720 1070 1806 praedicti
1107 1722 1283 1804 lobannis,
1320 1725 1427 1809 patris

280 1807 343 1890 sui,
361 1813 426 1874 etc.

345 1895 503 1981 Dampna
518 1895 647 1980 xlij’,
592 1918 625 1959 m
660 1900 695 1960 et
710 1896 769 1977 di',
785 1894 923 1959 unde
892 1893 1008 1979 nj,
953 1895 996 1958 m’
1024 1900 1060 1960 et
1075 1894 1121 1959 di'
1137 1900 1254 1981 captae.

344 2017 463 2081 Assisa
473 2018 568 2082 vemt
576 2017 793 2102 recognitum
805 2017 834 2081 si
846 2015 1025 2100 Philippus
1040 2017 1082 2080 de
1098 2017 1301 2099 Craweden’,
1317 2019 1428 2086 Alicia

279 2106 321 2170 de
335 2105 540 2183 Houthton’,
551 2104 736 2170 Nicholaus
752 2103 842 2168 filius
858 2102 1011 2188 Philippi
1024 2103 1066 2170 de
1081 2103 1287 2186 Craweden’,
1300 2111 1336 2170 et
1351 2108 1429 2173 Ric-

281 2191 382 2256 ardus
393 2191 482 2256 filius
492 2191 644 2276 Phrhppr
653 2191 793 2275 injuste
806 2196 882 2269 eta,
895 2189 1150 2255 dissessiverunt
1160 2191 1308 2256 Alanum
1319 2193 1350 2258 le
1359 2195 1430 2279 Eyr

280 2279 495 2345 deHoutton’
502 2277 1179 2362 decommunapasturaesuaeinHoutton'
1181 2300 1270 2362 ,quae
1279 2282 1428 2365 pe1tinet

279 2367 469 2431 adliberum
481 2371 714 2430 tenementum
724 2387 822 2430 suum
831 2386 867 2427 ιιι
877 2365 993 2430 eadem
1002 2364 1093 2430 villa
1119 2366 1165 2429 Et
1173 2367 1265 2432 unde
1276 2369 1428 2451 quantur

280 2454 368 2538 quod
378 2451 633 2518 disseisiverunt
642 2474 718 2517 eum
728 2452 769 2516 de
780 2457 1114 2536 communapastmae
1124 2474 1192 2518 suae
1203 2453 1238 2516 in
1252 2454 1427 2522 duodecim

280 2540 367 2606 acris
382 2543 530 2624 pasturas
545 2540 581 2604 in
596 2540 737 2605 diversis
753 2539 835 2606 locis
850 2539 910 2604 ubi
930 2540 1177 2605 communicare
1189 2541 1329 2622 solebat,
1352 2565 1427 2609 curn

279 2627 482 2692 omnimodis
491 2627 612 2692 averiis
622 2627 692 2692 suis
701 2647 763 2713 per
773 2630 885 2691 totum
895 2647 1033 2706 annum,
1040 2630 1103 2691 etc.
1131 2628 1178 2691 Et
1189 2627 1303 2693 nullus
1312 2650 1427 2696 eorum

280 2715 384 2794 venit,
399 2719 521 2800 praeter
534 2714 732 2800 praedictum
747 2713 962 2794 Nicholanm,
979 2735 1037 2797 qm
1027 2713 1233 2815 respondet
1253 2737 1314 2801 pro
1335 2739 1370 2782 se
1392 2722 1428 2784 et

280 2803 435 2867 omnibus
451 2802 539 2880 aliis,
554 2806 777 2886 praeterquam
791 2803 929 2865 tuntum
935 2822 1005 2902 'pro
1024 2800 1184 2885 praedicto
1207 2802 1376 2902 Philippo,
1393 2813 1429 2871 et

279 2888 364 2953 dicit
380 2889 469 2973 quod
483 2852 612 2953 nullam
627 2888 784 2953 fecerunt
799 2887 902 2954 inde
892 2887 1056 2973 injuriam
1071 2909 1179 2972 neque
1201 2889 1427 2974 disseisinam,

279 2979 315 3040 et
330 2976 372 3040 de
386 2977 452 3041 hoc
465 2976 563 3061 ponit
579 2997 614 3041 se
630 2997 729 3060 super
752 2976 903 3040 assisam.
959 2976 1004 3038 Et
1027 2975 1163 3058 quidam
1190 2978 1361 3046 lohannes
1385 2943 1427 3045 di

278 3063 408 3144 Insula,
423 3063 567 3128 ballivus
581 3062 734 3149 praedicti
749 3061 911 3148 Philippi,
926 3063 1109 3148 respondet
1123 3083 1184 3148 pro
1199 3083 1249 3144 ee,
1266 3069 1300 3129 et
1315 3069 1426 3149 quoad

279 3170 492 3215 communem
507 3151 544 3214 in
560 3150 726 3231 unoloco,
743 3149 932 3234 dicitquod
947 3149 1066 3215 ibiest
1087 3151 1274 3236 qnaedamp
1275 3151 1400 3218 lacea
1389 3176 1426 3219 ιιι

279 3259 347 3322 qua
360 3237 527 3304 aedificata
542 3243 594 3302 est
609 3237 760 3322 quaedam
777 3235 914 3322 capelle,
925 3239 961 3301 et
972 3236 1109 3320 qnidam
1120 3237 1143 3302 J
1145 3173 1295 3304 ohannes
1308 3239 1379 3326 Gap
1381 3241 1426 3308 el-

278 3325 377 3391 lanus
392 3329 445 3391 est
458 3328 641 3409 perpetuus
657 3329 772 3390 custos
782 3324 936 3409 ejusdam
947 3323 1091 3408 capellae,
1105 3327 1140 3389 et
1152 3328 1247 3390 tenet
1257 3329 1426 3410 quoddam

278 3417 511 3477 tenementum
537 3413 581 3476 ad
605 3412 747 3476 eandem
773 3411 936 3496 capellam
960 3411 1145 3496 pertinens,
1172 3433 1249 3476 cum
1280 3417 1425 3498 quodam

279 3498 460 3584 curtilagio
476 3504 510 3564 et
525 3498 699 3584 cymiterio
715 3498 759 3563 ad
774 3498 969 3583 praedictam
984 3497 1148 3598 capellam
1162 3499 1423 3601 pertinentibus,

278 3587 313 3650 in
331 3586 451 3670 quibus
466 3585 556 3653 idem
571 3585 701 3650 Alanus
715 3585 798 3652 fecit
821 3589 966 3664 vastum,
988 3584 1045 3669 qui
1068 3606 1137 3649 non
1168 3586 1398 3654 nominatur
1388 3613 1426 3656 ιιι

278 3673 381 3753 brevi,
412 3678 448 3737 et
483 3673 572 3758 petit
608 3672 775 3758 judicium
811 3673 853 3739 de
881 3672 985 3736 brevi.
1039 3673 1085 3736 Et
1114 3675 1225 3756 quoad
1255 3676 1424 3742 residuum

277 3724 446 3862 praedicta
472 3781 666 3841 communae,
691 3759 775 3825 dicit
798 3759 917 3843 quod'
908 3779 981 3845 lpse
1007 3763 1059 3824 est
1082 3760 1238 3845 capitalis
1268 3763 1424 3832 dominus

277 3847 384 3933 ipsius
398 3847 512 3927 Alani,
529 3851 564 3912 et
580 3811 693 3931 quod
683 3869 755 3931 rpse
770 3847 901 3912 Alanus
916 3850 1012 3911 tenet
1028 3847 1068 3913 de
1091 3868 1129 3911 eo
1152 3850 1349 3916 tenementa
1364 3873 1425 3918 sua

277 3935 313 3999 in
330 3935 446 4002 eadem
462 3897 552 4014 villa,
569 3939 603 4001 et
618 3934 701 3999 dicit
715 3935 829 4018 quod
820 3955 892 4019 ipse
914 3933 1093 4035 appruerit
1115 3933 1179 3999 sibi
1202 3936 1244 4000 de
1265 3939 1427 4021 praedicta

278 4042 465 4102 commune,
482 4023 570 4087 sicut
585 4043 616 4087 ιιι
607 4021 716 4086 bene
731 4020 828 4086 licuit
843 4042 904 4107 per
917 4020 1143 4106 provisionem
1157 4022 1198 4086 de
1214 4023 1362 4090 Merton'
1364 4034 1425 4106 ,et

279 4110 368 4195 quod
382 4109 470 4175 idem
487 4109 617 4173 Alanus
632 4118 728 4173 extra
750 4109 946 4193 praedictam
969 4128 1181 4173 communem
1203 4111 1424 4180 sufficientem

278 4197 382 4262 habet
398 4217 621 4276 communem,
638 4200 672 4261 et
693 4195 868 4262 liberum'
859 4215 1049 4280 1ngressum
1076 4200 1112 4260 et
1136 4217 1319 4281 egressum,
1335 4205 1423 4266 tam-

277 4305 379 4368 quam
393 4283 622 4369 pertinentem
638 4283 680 4348 ad
695 4283 839 4348 liberum
863 4284 1096 4347 tenementum
1120 4305 1218 4347 suum
1245 4284 1282 4348 in
1309 4289 1425 4356 eadem

277 4369 368 4438 villa.
413 4371 460 4434 Et
474 4371 516 4435 de
531 4371 595 4436 hoc
609 4369 706 4456 ponit
722 4391 758 4435 se
772 4391 873 4456 super
888 4369 1039 4435 assisam.
1096 4371 1143 4434 Et
1167 4371 1359 4441 Willelmus
1382 4378 1423 4443 de

276 4457 497 4525 Thuresmere
512 4479 600 4523 unus
616 4457 867 4543 recognitorum
883 4478 953 4521 non
968 4456 1072 4538 venit,
1087 4457 1165 4526 ideo
1190 4458 1262 4545 ipse
1285 4460 1321 4526 in
1338 4464 1424 4532 mis'.
