3264 5110
364 581 478 627 assrar
500 582 599 644 noun,
622 582 955 648 nonsummum,
981 569 1000 634 7
1022 587 1110 632 now.
1134 589 1158 632 1.
1269 563 1331 631 283
1412 549 1418 562 ’

181 755 320 838 munem
342 737 490 838 pastmse
514 736 552 802 in
573 736 754 840 praedictis·
765 738 890 825 viginti
911 740 998 806 acris
1020 739 1115 807 bosci
1135 763 1211 808 cum
1225 740 1330 842 perti-

182 827 350 1011 {stt
366 825 490 997 dini}
504 846 600 978 att
601 825 774 999 10ξέῗῖῗὲ
789 827 1106 981 111111ἱί1ιέ
1117 850 1333 994 {titiani

182 997 272 1063 idem
287 998 433 1063 Thomas
456 1003 490 1064 et
513 999 652 1066 heredes
674 1002 728 1065 sui
750 1001 863 1066 suerio
876 1001 936 1067 illa
951 1003 1024 1067 sina
1039 1003 1186 1088 dampno
1202 1002 1332 1069 facient

183 1083 351 1170 refugare,
368 1088 432 1152 etc.

247 1283 393 1349 Thomas
415 1285 457 1350 de
480 1285 575 1351 Karl'
606 1285 831 1352 summonitus
868 1287 938 1352 fuit
967 1287 1011 1351 ad
1043 1289 1331 1373 resspondendum

182 1369 366 1449 Willelmo,
392 1371 502 1437 Priori
523 1371 565 1439 de
587 1373 812 1455 Brinkeburn‚
837 1374 878 1440 de
900 1373 1025 1459 placito
1048 1377 1137 1459 quod
1152 1375 1330 1461 permittat

182 1457 295 1542 ipsum
309 1459 432 1524 habere
445 1481 658 1525 communem
669 1463 815 1546 pasturae
826 1461 863 1525 in
879 1461 1087 1541 Swarlaund
1099 1483 1173 1546 quse
1182 1463 1331 1548 pertinet

182 1545 226 1608 ad
251 1544 395 1610 liberum
418 1549 650 1612 tenementum
676 1549 834 1613 suumin
861 1549 993 1627 Pelton‚
1021 1553 1056 1613 et
1083 1549 1123 1614 (16
1149 1572 1217 1634 qua
1240 1551 1330 1616 idem

182 1631 329 1696 Thomas
341 1633 468 1718 injuste
478 1638 513 1701 et
525 1635 598 1699 sine
608 1634 737 1720 judicio
750 1634 934 1700 dissaisivit
948 1634 1162 1717 Nicholaum‚
1180 1637 1331 1705 Priorem

183 1719 224 1784 de
240 1719 485 1803 Brinkeburne‚
501 1722 777 1806 praedecessorem
800 1723 950 1807 praedicti
972 1720 1148 1804 Willelmi,
1171 1729 1249 1808 post
1263 1726 1330 1809 pri-

182 1827 284 1886 mam,
300 1810 364 1872 etc.
410 1808 457 1872 Et
472 1808 560 1874 unde
576 1808 661 1875 dicit
683 1809 773 1893 quod
788 1831 864 1874 cum
879 1810 951 1895 ipse
967 1810 1089 1874 habere
1105 1811 1226 1877 debeat
1242 1833 1329 1876 com-

183 1915 321 1958 munam
343 1894 381 1957 in
402 1916 471 1959 uno
493 1895 566 1962 loco
589 1896 626 1959 in
647 1896 755 1961 tribus
778 1896 865 1962 acris
888 1918 998 1976 morse,
1021 1897 1111 1962 etin
1125 1898 1192 1963 alio
1207 1899 1280 1964 loco
1295 1899 1331 1962 in

181 2002 251 2046 una
271 1981 354 2046 roda
377 1986 524 2066 pasturae
546 1983 589 2046 ad
611 1982 806 2048 omnimoda
825 1983 939 2048 averia
952 2005 1013 2068 per
1026 1986 1138 2048 totum
1154 2007 1280 2050 annum
1296 1989 1331 2050 et

182 2067 224 2132 de
240 2089 305 2151 qus
320 2068 500 2153 praedictus
515 2069 711 2151 Nicholaus,
734 2071 957 2155 praedecessor
980 2092 1071 2151 suus,
1094 2071 1163 2137 fuit
1186 2072 1330 2159 seysitus

182 2157 222 2218 ut
237 2155 278 2219 (16
294 2155 395 2220 feodo
410 2160 445 2222 et
459 2155 535 2240 jure
551 2157 697 2222 ecclesiae
714 2178 781 2222 suae
797 2157 914 2223 Scucti
936 2157 1030 2224 Petri
1046 2157 1087 2224 de
1102 2159 1329 2237 Brinkeburn,

182 2244 333 2327 tempore
347 2243 441 2326 pacis
455 2249 607 2329 tempore
631 2243 758 2309 domini
781 2244 922 2310 Henrici
944 2243 1060 2328 Regis,
1078 2246 1185 2330 patris
1201 2246 1330 2311 domini

182 2329 286 2414 Regis
302 2350 402 2409 nunc,
418 2330 581 2414 capiendo
596 2330 675 2395 inde
690 2330 838 2415 expletis
849 2332 893 2396 ad
907 2331 1099 2412 radantiam,
1116 2340 1191 2413 etc,
1209 2354 1331 2417 quous-

183 2437 247 2499 que
270 2416 450 2500 praedictus
476 2417 622 2482 Thomas
648 2418 784 2502 injuste,
812 2421 888 2496 etc,
916 2418 1108 2502 disseysivit
1133 2421 1330 2504 praedictum

182 2502 395 2584 Nicholsum‚
418 2505 693 2588 praedecessorem
722 2505 875 2589 praedicti
899 2504 1037 2586 Prioris‚
1067 2513 1145 2590 post
1173 2511 1329 2591 primam,

182 2593 247 2656 etc.

248 2678 294 2742 Et
315 2677 463 2743 Thomas
486 2678 578 2743 venit
600 2681 635 2745 61
657 2678 812 2745 defendit
825 2679 881 2763 jus
902 2700 999 2743 suum
1016 2680 1159 2763 quande,
1175 2683 1239 2747 etc.
1285 2682 1332 2746 Et

184 2765 293 2848 quoad
309 2786 521 2831 communem
536 2765 573 2828 in
588 2765 698 2830 tribus
714 2766 910 2830 acrismorae
921 2766 1007 2831 dicit
1019 2767 1099 2850 (sic).
1127 2770 1246 2833 Postea
1254 2790 1331 2834 con-

184 2852 315 2917 cordati
336 2856 428 2917 sunt.
472 2850 566 2917 Alibi
587 2853 666 2916 finis
688 2873 748 2936 pro
770 2851 910 2919 licentia
931 2854 1167 2919 concordandi.
1212 2855 1257 2921 Et
1280 2859 1333 2922 est

183 2939 362 3005 concordis
385 2939 464 3004 telis
490 2939 579 3023 quod
608 2939 787 3023 proedictus
814 2939 911 3005 Prior
936 2939 1082 3006 remittit
1114 2945 1149 3006 et
1178 2943 1330 3026 quietum

185 3026 320 3107 clamat,
346 3027 387 3091 de
413 3047 449 3093 se
475 3030 510 3091 et
535 3025 780 3091 successoribus
804 3027 884 3108 suis,
907 3030 1019 3092 totum
1038 3028 1094 3111 jus
1118 3032 1153 3093 et
1168 3029 1332 3094 clameum

184 3115 274 3198 quod
303 3113 424 3178 hebuit
469 3112 627 3199 exigendi
657 3134 869 3178 communem
911 3118 1057 3198 pasturae
1092 3115 1129 3179 in
1164 3116 1333 3200 praedictis

183 3201 294 3267 tribus
320 3201 407 3266 acris
430 3221 531 3266 morae
556 3203 706 3284 tempore
733 3199 857 3266 clauso.
902 3201 948 3265 Et
970 3200 1049 3285 quia
1071 3201 1159 3269 idem
1186 3203 1331 3269 Thomas

80 3285 84 3292 ’
139 3351 141 3354 ,
183 3287 308 3352 levavit
331 3286 499 3372 quoddam
523 3290 682 3372 stagnum
708 3286 745 3350 in
768 3286 928 3371 praedicta
954 3289 1036 3353 roda
1059 3293 1215 3373 pasturae,
1243 3291 1330 3355 idem

185 3375 282 3440 Prior
307 3374 473 3440 concessit
498 3395 559 3458 pro
586 3395 621 3438 se
646 3377 682 3438 et
707 3374 952 3439 successoribus
978 3375 1046 3440 suis
1074 3377 1330 3462 imperpetuum.

184 3463 231 3526 Et
245 3484 306 3547 pro
320 3463 394 3542 hac,
418 3466 494 3540 etc,
516 3461 606 3526 idem
628 3461 773 3526 Thomas
789 3461 953 3528 concessit
975 3484 1035 3547 pro
1051 3485 1087 3528 se
1102 3468 1137 3528 et
1151 3464 1331 3530 heredibus

185 3549 254 3614 suis
278 3549 437 3634 praedicto
460 3547 570 3612 Priori
596 3552 632 3612 et
655 3548 902 3615 successoribus
930 3549 1000 3614 suis
1026 3555 1062 3615 et
1087 3551 1233 3616 ecclesiae
1263 3573 1331 3617 suae

152 3676 155 3682 ·
184 3637 362 3721 praedictae,
393 3655 606 3701 communem
631 3639 777 3719 pasturae
806 3635 843 3698 in
870 3635 1006 3715 eisdem,
1030 3642 1107 3721 post
1135 3638 1266 3703 foenum
1297 3643 1331 3704 et

184 3723 322 3789 bladum
344 3725 529 3807 asportate.
575 3721 621 3785 Et
653 3721 683 3786 si
715 3721 827 3787 averia
850 3723 957 3807 ipsius
981 3723 1108 3789 Prioris
1128 3724 1332 3790 intraverint

185 3812 222 3874 in
236 3809 361 3875 eisdem
377 3809 487 3874 tribus
503 3809 589 3874 soris
605 3812 641 3873 ot
654 3807 714 3873 illa
728 3809 811 3873 roda
832 3813 982 3894 tempore
1005 3810 1128 3891 clauso,
1151 3813 1330 3896 praedictus

184 3898 331 3964 Thomas
346 3909 382 3964 et
396 3896 535 3963 heredes
551 3895 604 3961 sui
620 3916 661 3961 ea
675 3895 748 3961 sine
764 3896 910 3981 dampno
925 3897 1055 3963 facient
1070 3897 1237 3985 refugare.

251 4118 425 4184 Johannes
460 4116 614 4202 Harang'
658 4118 747 4202 petit
791 4137 903 4181 versus
948 4117 1132 4185 Robertum
1177 4119 1331 4206 Harang’

186 4211 331 4292 quatuor
342 4204 545 4290 messuagia,
558 4206 736 4289 sexaginta
751 4225 845 4270 acras
861 4207 968 4280 terrae,
984 4227 1087 4270 unam
1103 4228 1214 4272 scram
1229 4209 1331 4292 prati,
1376 4255 1377 4258 ,

186 4300 221 4360 et
236 4293 468 4360 duodecimam
483 4294 615 4376 partem
629 4292 730 4357 unius
754 4291 938 4357 molendini
961 4313 1036 4358 cum
1058 4294 1272 4378 pertinentiis
1294 4296 1332 4359 in

185 4380 329 4466 Howyk‚
341 4379 514 4464 dequibus
527 4379 715 4444 Germanus
727 4378 881 4464 hybera,
894 4399 975 4444 avus
985 4380 1138 4464 praedicti
1152 4381 1175 4445 J
1176 4381 1332 4464 ohannis,

185 4468 285 4555 cujus
299 4467 396 4534 heres
411 4466 484 4553 ipse
499 4469 564 4546 est,
578 4463 648 4529 fuit
663 4465 807 4568 sepsitus
822 4466 859 4529 in
874 4465 1042 4568 dominico
1057 4488 1118 4533 suo
1129 4471 1168 4533 ut
1177 4467 1218 4535 de
1232 4467 1333 4537 feodo

187 4557 242 4624 die
257 4575 336 4640 quo,
351 4559 414 4621 616.
459 4553 506 4619 Et
527 4549 619 4618 unde
641 4553 726 4620 dmrt
747 4553 837 4639 quod
858 4551 1038 4636 predictus
1060 4553 1247 4622 Germanus
1261 4555 1332 4622 fuit
