3278 5104
353 516 467 562 Assius
491 516 590 577 roan,
614 516 953 578 uosrrrunsramrvu,
976 498 1019 562 40
1043 516 1126 562 suu.
1150 515 1205 561 111.
1317 492 1358 559 77

201 671 338 738 furatus
352 670 478 754 fuerat,
490 670 596 757 precii
611 669 797 756 quinques’
813 674 849 738 et
858 675 1022 757 semptem
1034 671 1078 751 d’,
1090 673 1126 738 et
1138 690 1211 755 quae
1223 667 1358 750 catalla,

202 759 358 826 homines
380 759 510 825 Prioris
533 759 576 824 de
596 759 871 839 Hextildesham
888 759 949 824 ubi
973 758 1111 824 furatus
1135 757 1251 822 iuerat
1274 777 1359 842 prae-

203 847 312 913 dictos
327 846 442 927 libros,
460 845 569 913 secuti
587 845 740 911 fuerunt.
786 846 869 912 Ideo
894 846 974 910 inde
996 844 1214 930 loquendum.
1260 843 1359 910 Post-

202 934 302 999 modo
326 932 506 999 deliberati
528 933 671 998 luerunt
694 933 848 1019 praedicti
873 933 954 998 libri
977 933 1140 1018 praedicto
1163 930 1276 996 Priori
1300 953 1360 1016 per

204 1020 425 1107 justiciarios.

269 1157 466 1224 Huctredus
480 1157 572 1222 filius
594 1157 736 1222 Roberti
760 1157 802 1223 de
825 1157 997 1243 Buetteby
1021 1156 1158 1222 iuratus
1181 1155 1252 1220 fuit
1277 1156 1360 1222 duos

205 1245 306 1310 boves
336 1248 372 1310 et
400 1267 505 1310 unam
535 1265 682 1324 vaccam,
709 1265 787 1310 cum
811 1245 934 1328 quibus
960 1244 1055 1310 venit
1081 1242 1118 1307 in
1144 1244 1293 1308 mercato
1319 1243 1361 1308 de

205 1332 403 1418 Corebrigg’
429 1336 465 1399 et
491 1332 552 1398 illa
576 1331 690 1398 averia
713 1331 840 1416 optulit
864 1332 1051 1396 vendenda.
1106 1330 1152 1394 Et
1176 1331 1361 1396 servientes

206 1417 335 1484 domini
359 1419 464 1504 Regis
489 1419 664 1503 petierimt
691 1419 734 1484 ab
761 1439 800 1484 eo
827 1418 979 1504 plegium
1003 1417 1094 1502 quod
1119 1417 1191 1501 ipse
1215 1417 1362 1481 fideliter

204 1505 405 1591 perquisivit
420 1505 581 1592 praedicta
595 1505 718 1585 averia,
734 1509 769 1570 et
785 1506 957 1590 quamcito
971 1506 1036 1570 hoc
1052 1503 1196 1583 audivit,
1208 1503 1302 1590 fugit
1317 1503 1361 1568 ab

205 1593 253 1660 eis
269 1593 313 1658 ad
333 1592 513 1659 ecclesiam
537 1592 579 1658 de
604 1591 801 1678 Gorebrigg'
827 1595 863 1660 et
887 1591 1071 1678 congnovit
1094 1590 1143 1656 ibi
1167 1591 1363 1671 factumst

207 1680 380 1781 abjuravit
405 1701 548 1765 regnum
575 1700 688 1744 coram
714 1679 832 1744 ecdem
859 1684 1068 1745 coronatore.
1126 1677 1262 1742 Catulla
1287 1678 1362 1763 ejus

207 1767 290 1853 xvirj
303 1767 341 1848 ε’,
357 1766 447 1870 unde
462 1766 573 1832 Adam
588 1766 703 1867 Baret,
720 1769 909 1868 coronator,
927 1765 1140 1883 resppndeat.
1156 1765 1233 1868 ..El
1244 1764 1363 1829 villata

205 1853 1027 2025 1111111111111111111113111
1072 1854 1361 1938 terrm

273 2077 325 2141 De
340 2075 459 2141 villata
474 2077 516 2141 de
532 2076 730 2162 Corebrigg’
746 2077 788 2142 de
803 2077 870 2142 fine
886 2099 947 2143 suo
962 2099 1024 2163 pro
1039 2076 1311 2162 transgressione
1329 2081 1364 2144 et

207 2184 270 2250 pro
285 2164 331 2250 xij
345 2163 558 2250 juratoribus
573 2165 658 2229 xm'.

355 2379 510 2444 Vrinam
532 2399 578 2444 na
601 2379 877 2444 Wnrsawsrssl
901 2399 1006 2445 venir
1029 2402 1095 2447 rna
1117 2389 1223 2448 xrrdm.

275 2510 328 2576 De
343 2509 431 2575 vinis
446 2509 594 2576 venditis
610 2513 730 2576 contra
743 2510 896 2592 assisam,
913 2511 1033 2577 dicunt
1048 2514 1138 2597 quod
1160 2513 1365 2596 Willelmus,

210 2598 373 2677 Absolon,
389 2601 425 2663 et
444 2597 611 2663 Ricardus
632 2597 675 2663 de
698 2597 849 2662 Hooton’
868 2599 1093 2666 vendiderunt
1110 2603 1227 2667 vinum
1247 2605 1368 2667 contra

211 2685 366 2766 assisam,
382 2684 460 2750 ideo
475 2683 513 2748 in
527 2685 615 2750 mis'.

277 2823 456 2888 Juratores
478 2824 688 2907 prasentant
711 2821 800 2906 quod
824 2821 994 2906 quoddam
1017 2825 1191 2890 hutesium
1216 2825 1368 2892 levatum

210 2909 282 2976 fuit
301 2931 363 2996 per
382 2909 570 2974 Robertum
594 2909 636 2974 de
660 2908 852 2976 Wollovere
871 2909 912 2975 de
937 2915 1038 2977 nocte
1056 2933 1157 2997 super
1177 2913 1310 2978 Huard'
1325 2915 1368 2979 de

211 2995 464 3063 Budeslesdone
479 3000 514 3060 et
529 2995 758 3082 Reginaldum
774 2995 815 3061 de
831 2997 949 3063 eadem
964 2998 1001 3061 in
1015 2998 1117 3064 feodo
1137 2999 1301 3065 Willelmi
1325 3001 1367 3066 de

211 3083 401 3163 valenciae
415 3083 618 3167 inponentes
633 3083 682 3147 eis
694 3082 786 3167 quod
796 3081 862 3168 ipsi
873 3084 1051 3169 fregerunt
1063 3087 1243 3172 grangiam
1258 3088 1368 3173 patris

213 3172 267 3236 sui
282 3175 317 3236 et
332 3173 468 3236 secutus
490 3169 562 3234 fuit
584 3190 641 3236 eos
666 3189 771 3254 usque
794 3168 1029 3238 Verlevvurth’.
1074 3174 1121 3237 Et
1144 3173 1259 3239 ballivi
1283 3197 1368 3260 prse-

213 3259 298 3324 dicti
336 3256 500 3322 Willelmi
536 3258 578 3322 de
607 3255 770 3322 Valencia
804 3261 969 3341 ceperunt
997 3260 1041 3324 ab
1071 3260 1185 3326 eodem
1218 3261 1368 3328 Roberto

216 3345 338 3410 xrxsss'
354 3365 394 3410 eo
410 3344 499 3428 quod
514 3343 640 3409 levavit
654 3343 853 3428 pvaedictmn
869 3343 1056 3426 hutesium,
1072 3352 1108 3411 et
1121 3347 1280 3414 nesciunt
1303 3369 1370 3432 quo

213 3436 394 3496 warranto,
440 3430 523 3496 Ideo
549 3430 765 3514 loquendum.
817 3430 864 3495 nt
886 3431 1057 3516 jmatores
1081 3437 1255 3500 testantur
1281 3435 1370 3520 quod

214 3517 368 3604 praedicti
382 3517 546 3582 Huardus
562 3520 598 3582 et
612 3516 823 3602 Reginaldus
838 3517 875 3580 in
891 3518 985 3583 nullo
1000 3520 1142 3586 fuerunt
1157 3521 1353 3607 culpabiles.

280 3656 333 3722 De
346 3653 484 3722 wrerco⁸
498 3653 612 3735 maris,
628 3654 748 3719 dicunt
762 3655 853 3738 quod
867 3656 943 3720 duae
958 3657 1052 3722 cista
1074 3658 1311 3744 applicuerunt
1333 3661 1370 3724 in

214 3748 319 3829 portu
334 3741 426 3827 apud
441 3741 700 3822 Werlrewurth’‚
717 3741 752 3804 in
768 3742 891 3825 quibus
907 3743 1037 3808 inventi
1052 3745 1194 3811 fuerrmt
1208 3748 1315 3847 panni
1337 3753 1372 3814 et

216 3831 284 3895 alia
304 3828 472 3905 hernesio,
487 3827 593 3914 precii
611 3828 750 3914 mvjs'
771 3827 821 3913 iiij
835 3829 868 3892 d'
893 3830 952 3910 (δ’,
974 3831 1015 3894 de
1040 3833 1161 3915 quibus
1185 3833 1306 3900 mllata
1329 3835 1371 3901 de

217 3915 466 3982 Werlrevvurth'
487 3915 720 4000 [respondeat]
750 3915 792 3981 de
808 3915 977 4001 xxxiiijos’
994 3939 1016 3982 x
1028 3919 1061 3982 d'
1077 3920 1125 3983 ob'
1141 3923 1177 3987 ct
1188 3920 1371 3987 vicecomes

215 4003 420 4089 respondeat
445 4003 487 4068 de
517 4001 596 4087 xviij
610 4002 654 4068 d'.
710 4001 756 4067 Elt
785 4005 952 4068 testatum
978 4009 1031 4070 est
1060 4007 1151 4090 quod
1179 4007 1298 4072 villata
1328 4009 1370 4075 de

217 4089 466 4158 Werkevvurth'
482 4087 627 4153 tradidit
650 4088 812 4173 praedicta
832 4089 958 4155 catalla
980 4091 1115 4158 ballivis
1140 4093 1305 4159 Willelmi
1329 4096 1372 4160 de

216 4175 380 4244 Valenoia
395 4176 468 4242 sine
483 4178 664 4257 warranto,
680 4175 758 4241 ideo
772 4175 810 4239 in
824 4175 912 4241 mis’.

252 4346 261 4380 1
282 4346 455 4400 wffkvorth,
820 4345 947 4412 wardship
970 4349 998 4399 ol
1016 4349 1062 4402 the
1079 4350 1137 4402 hair
1158 4353 1186 4403 ol
1208 4351 1296 4420 Boger
1314 4354 1373 4407 ria

133 4455 137 4462 .
251 4410 395 4466 'William
424 4412 456 4465 de
486 4411 598 4466 Valenoa
632 4411 692 4465 held
724 4413 771 4465 the
820 4411 902 4465 John.

218 4480 317 4547 berony
328 4481 356 4532 ol
366 4478 535 4532 Wsrkvrorth
545 4481 580 4546 by
592 4494 681 4532 reason
690 4479 717 4532 ol
725 4479 771 4532 the
854 4477 866 4510 ³
884 4479 936 4532 llor
946 4497 1046 4534 orooro.
