3280 5112
286 477 307 540 2
437 493 550 539 resina
572 493 669 553 soar,
693 493 1028 557 ronrnunannmrm
1051 477 1093 540 lc
1117 496 1198 540 nar.
1221 496 1276 541 111.

288 651 324 716 ot
335 646 478 714 retraxit
489 668 536 714 se.
581 647 665 716 Ideo
674 646 774 714 Prior
782 647 863 716 indo
877 649 950 716 sine
960 649 1024 732 die,
1037 653 1073 716 et
1081 649 1268 717 Nicholaus
1281 653 1317 716 et
1327 648 1434 736 plegii

288 736 342 803 sui
365 737 407 802 de
433 735 665 822 prosequendo
685 735 724 800 in
746 735 833 818 mis',
855 737 994 819 scilicet,
1021 738 1191 804 Robertus
1214 739 1256 804 de
1278 737 1432 805 Manerio

289 827 324 889 et
341 825 507 910 Sampson
522 824 563 889 de
578 823 785 909 Ooupeland,

352 962 506 1031 Hauisia
521 962 563 1028 de
577 962 612 1026 N
613 961 762 1028 awanam
778 961 838 1027 dat
856 961 936 1026 xxr’
957 983 1018 1048 pro
1041 961 1182 1031 licentia
1205 961 1433 1030 concordandi

288 1073 366 1118 oum
380 1049 553 1116 Willelmo
578 1050 619 1114 da
643 1049 831 1114 Redewode
857 1049 899 1116 de
922 1049 1049 1136 placito
1073 1057 1183 1132 terrae,
1223 1072 1259 1116 er
1281 1051 1433 1137 plegium

288 1139 396 1290 ipsius
425 1135 615 1216 Willelmi,1
645 1139 709 1202 stc.
754 1137 801 1201 Et
831 1135 1023 1203 Willelmus
1050 1138 1092 1203 de
1118 1074 1260 1204 Faudon
1290 1137 1433 1225 apponit

288 1246 453 1292 camaum
483 1246 582 1291 suum
604 1223 642 1287 in
665 1223 782 1290 eadem
804 1227 907 1304 terra,
934 1224 1074 1306 scilicet,
1097 1226 1136 1289 in
1156 1229 1279 1311 quater
1307 1225 1432 1312 viginti

288 1313 375 1380 acris
390 1316 490 1378 terrae
504 1333 581 1377 cum
596 1310 814 1397 pertinentiis
829 1311 867 1375 in
881 1312 1080 1412 Redawode,
1097 1317 1161 1380 etc.

352 1449 471 1517 Assisa
490 1449 585 1514 venit
609 1450 828 1535 recognitum.
852 1450 881 1516 ri
907 1451 1055 1518 Thomas
1077 1451 1118 1519 ds
1133 1451 1357 1531 Wetauude,l
1378 1449 1432 1514 in·

287 1539 392 1640 juste,
408 1541 485 1638 eta,
500 1535 684 1602 dissaisivit
705 1536 914 1639 willelmum
936 1539 1031 1602 Brun
1055 1541 1090 1606 at
1112 1540 1269 1640 Emmam
1294 1559 1432 1605 uxorem

288 1624 757 1797 tltltllttttlffllllt
773 1625 1431 1798 ¹ttllttltltlttttlttlt

288 1819 443 1864 acrarum
458 1801 558 1863 terrae
573 1819 649 1863 cum
669 1799 896 1883 pertinentiis.
942 1800 987 1864 Et
1003 1800 1150 1866 Thomas
1166 1801 1261 1866 venit
1276 1805 1310 1870 et
1325 1798 1433 1864 nichil

288 1887 372 1954 dicit
387 1905 489 1972 quare
504 1885 613 1950 assisa
626 1888 812 1966 remaneat,
828 1889 892 1952 etc.

352 1973 375 2038 J
376 1979 530 2038 aratores
546 1971 665 2037 dicunt
681 1973 768 2056 quod
783 1975 964 2060 praedictus
979 1973 1127 2040 Thomas
1146 1974 1330 2042 dissaisivit
1349 1996 1431 2060 prae·

288 2061 397 2126 dictos
407 2059 615 2135 Willelmum
630 2063 665 2127 et
680 2059 833 2125 llmmam
850 2061 891 2125 de
930 2062 1069 2128 raediota
1083 2065 1184 2144 terra,
1202 2083 1303 2148 quam
1317 2061 1433 2148 posuit

287 2148 325 2212 in
347 2149 421 2214 visu
448 2169 519 2226 suo,
542 2146 683 2231 injuste,
707 2151 770 2212 etc.
815 2148 862 2212 Et
887 2083 963 2214 ideo
991 2149 1241 2215 consideratum
1264 2152 1317 2214 est
1344 2149 1432 2234 quod

286 2235 440 2321 pradicti
454 2233 648 2299 Willelmus
669 2237 704 2298 et
727 2235 848 2300 Emma
871 2240 1070 2320 recuperent
1086 2237 1246 2302 saisinam
1261 2259 1358 2302 suam
1372 2256 1432 2321 per

287 2323 396 2389 visum
411 2321 670 2404 recognitorum.
714 2321 761 2387 Et
781 2321 925 2388 Thomas
941 2324 979 2386 in
994 2323 1082 2404 mis',
1092 2327 1134 2389 'et
1149 2324 1252 2388 finem
1267 2323 1351 2390 fecit
1370 2344 1432 2409 pro

282 2411 361 2496 jad,
381 2429 443 2496 par
457 2409 608 2494 plegium
624 2406 787 2474 Willelmi
807 2409 849 2476 dc
869 2409 1003 2496 Eselrig
1017 2415 1053 2477 et
1069 2409 1218 2476 Simonis
1235 2411 1277 2476 de
1293 2411 1428 2478 Oresse-

286 2497 371 2562 well.
417 2497 575 2581 Dampna
589 2493 612 2580 ij
623 2496 660 2560 ε’.

349 2631 469 2700 Assisa
482 2632 578 2698 venit
592 2632 810 2718 recognitura
831 2633 861 2698 si
884 2634 1052 2701 Robertus
1076 2634 1119 2700 de
1139 2635 1318 2717 Golewell’‚
1334 2639 1433 2721 pater

285 2720 452 2790 Willslmi
474 2720 515 2786 de
534 2719 714 2805 Colewcll',
730 2719 800 2783 fuit
824 2720 962 2786 saisitus
985 2722 1022 2786 in
1047 2722 1217 2788 dominico
1242 2744 1303 2788 suo
1327 2728 1366 2789 ut
1389 2725 1431 2790 de

284 2810 386 2876 feodo
398 2809 440 2874 de
451 2809 500 2894 xij
517 2807 605 2873 acris
620 2812 718 2873 tarrae
734 2828 808 2872 cum
824 2808 1042 2892 pertinentiis
1054 2809 1091 2873 iu
1107 2809 1366 2892 Thokerinton,³
1376 2810 1431 2876 die

287 2919 362 2983 quo,
373 2899 437 2963 etc.
481 2893 578 2974 Etsi,
591 2898 654 2960 etc.
700 2893 810 2975 Quam
821 2897 946 2961 terram
957 2895 1132 2962 lohannes
1144 2897 1176 2962 le
1188 2899 1313 2964 Fossur
1323 2902 1430 2977 tenet,

286 2985 344 3070 qui
359 2983 454 3050 venit
468 2985 504 3047 et
518 2985 617 3047 vocat
632 2981 712 3046 inde
726 2982 770 3046 ad
785 2985 990 3047 warrantum
1002 2984 1186 3049 Ricardum
1198 2985 1240 3050 de
1252 2985 1430 3066 Oolewell',

287 3073 345 3156 qui
364 3091 511 3157 praesens
532 3073 595 3149 est,
617 3071 652 3133 et
676 3069 708 3133 ei
729 3070 957 3151 warrantiaat,
974 3073 1009 3135 et
1033 3075 1131 3137 vocat
1156 3072 1200 3136 ad
1224 3075 1431 3138 warrantum

285 3159 308 3224 J
310 3160 481 3225 ohannem
496 3156 604 3220 filium
617 3155 711 3220 Elliae.

350 3247 477 3312 Postea
500 3243 697 3309 concordati
720 3246 811 3324 sunt,
841 3247 876 3309 et
903 3243 1094 3310 Willelmus
1118 3247 1178 3310 dat
1200 3245 1376 3311 dimidiam
1387 3248 1430 3310 m'

285 3354 346 3418 pro
366 3331 506 3397 licentia
531 3329 767 3410 concordandi,
784 3332 848 3398 etc.
895 3331 940 3395 nt
965 3353 1027 3418 pro
1051 3333 1126 3414 hac,
1150 3338 1226 3416 eta,
1250 3334 1430 3420 praedictus

286 3420 451 3486 Ricardus
468 3418 509 3482 de
525 3416 691 3483 Colewall'
708 3419 874 3484 concessit
888 3419 1050 3503 praedicto
1063 3420 1237 3486 Willelmo
1252 3427 1321 3489 tres
1337 3444 1431 3487 acras

286 3507 377 3594 prati
401 3506 437 3570 in
461 3504 637 3584 ffillidale,
660 3505 846 3570 tenendum
871 3506 979 3573 eidem
995 3506 1167 3574 Willclmo
1192 3512 1228 3573 et
1251 3509 1431 3576 heredibus

287 3595 368 3675 suis,
384 3615 444 3678 per
459 3591 636 3657 servitium
652 3591 753 3656 unius
768 3592 858 3676 paris
875 3594 1130 3678 cyrothecarurn
1145 3595 1198 3662 vel
1212 3597 1313 3662 unius
1324 3598 1357 3661 d'
1372 3618 1433 3682 per

287 3703 415 3748 annum
436 3700 496 3764 pro
517 3678 610 3744 omni
631 3678 779 3745 servitio.
825 3680 871 3743 Et
885 3680 976 3748 idem
990 3682 1158 3748 Ricardus
1173 3686 1208 3748 et
1222 3684 1363 3750 heredes
1379 3685 1432 3748 sui

286 3767 585 3920 warraptizabpnt,
600 3768 663 3832 eto.
709 3765 756 3830 Et
766 3769 928 3851 praeterea
937 3767 1027 3834 idem
1040 3769 1231 3835 Willelmus
1247 3770 1307 3836 dat
1322 3769 1432 3835 eidem

288 3857 393 3922 Ricar
417 3856 462 3940 oj
480 3876 533 3919 m.

352 3983 543 4050 Willelmus
559 3981 601 4047 de
617 3981 827 4068 Maddeleg²⁴
841 3986 1016 4071 cognoscit
1036 3986 1125 4071 quod
1145 3987 1245 4054 debet
1263 3985 1432 4052 Willelmo

288 4075 330 4139 de
344 4070 518 4138 Haumril’
542 4068 595 4155 iiij
617 4071 660 4133 m’
684 4070 725 4136 de
748 4071 815 4138 fine
835 4071 926 4140 inter
949 4094 1004 4139 eos
1026 4074 1132 4154 facto,
1150 4075 1241 4139 unde
1261 4075 1380 4140 reddet
1400 4075 1432 4140 ei

324 4217 395 4270 ¹Sas
422 4215 567 4282 Appendix,
607 4217 667 4267 Fert
696 4218 728 4282 os
750 4219 834 4279 Hm,
884 4218 1053 4271 woodheldb
1083 4217 1168 4283 Hugh
1185 4220 1217 4273 de
1233 4219 1327 4272 Bolboc
1344 4223 1371 4272 ol
1387 4221 1432 4273 tho

289 4284 444 4346 Noritamt„
455 4283 520 4334 Her.
532 4283 595 4344 HL,
606 4282 656 4335 No.
670 4285 726 4335 125.
884 4284 987 4350 Barony
1010 4286 1037 4336 ol
1053 4235 1143 4352 {laoy
1171 4288 1259 4349 (Perta
1280 4290 1312 4338 da
1337 4289 1432 4350 Nscill,

322 4351 332 4384 ²
349 4349 501 4414 Bamburgh
510 4348 594 4401 Castle
603 4349 718 4414 rapaired
729 4350 763 4414 by
770 4348 835 4401 view
884 4367 909 4417 p.
921 4351 992 4416 384).

289 4420 316 4472 ol
326 4418 436 4469 rhomo
447 4415 478 4467 do
491 4415 643 4467 Wathwude
654 4420 686 4467 21
696 4416 765 4468 Han.
779 4415 834 4468 III.
918 4415 929 4448 ³
946 4417 1089 4470 Throckriu
1137 4434 1155 4472 u
1166 4419 1194 4471 in
1205 4419 1312 4473 Tindalo
1323 4419 1412 4473 Ward.

291 4483 391 4553 (Bain's
404 4483 466 4543 Uol..
475 4482 523 4534 vol.
533 4481 559 4543 i..
572 4481 622 4534 No.
636 4483 721 4548 1³22).
760 4482 835 4536 Wct-
918 4481 928 4514 ⁴
946 4483 1073 4552 Probably
1102 4503 1132 4539 or
1147 4487 1295 4541 Willelmus
1311 4487 1336 4540 le
1351 4487 1435 4550 Moslo
