3272 5092
236 473 296 541 178
407 495 520 540 sss1za
544 497 641 556 aona,
665 495 1003 556 noarannaaansnn,
1028 475 1069 538 53
1093 497 1175 540 aar.
1199 496 1252 539 111.

235 650 310 735 ipsa
336 649 519 730 cristiana,
547 650 628 735 quia
655 650 742 716 obiit
766 650 840 716 sine
867 650 990 715 herede
1016 651 1058 714 de
1089 671 1136 729 se,
1161 649 1396 716 revertebatur

234 739 374 803 feodum
400 738 485 802 illud
511 739 644 803 cuidam
673 738 857 816 Willelmo,
883 737 985 802 fratri
1011 737 1164 822 praedicti
1192 737 1330 822 Rogeri‚
1353 741 1395 801 ut

235 825 401 891 avunculo
425 831 460 890 et
485 825 613 904 heredi,
633 830 668 889 et
689 825 730 889 de
753 825 828 910 ipso
843 824 1016 891 Willelmo
1041 826 1176 889 cuidam
1201 824 1393 908 Radulpho,

234 915 274 976 ut
289 913 359 975 filio
374 916 409 979 et
425 913 553 990 heredi,
570 917 605 975 et
624 913 666 978 de
682 914 755 997 ipso
771 911 954 996 Radulpho
969 911 1103 976 cuidam
1120 911 1212 991 Adae,
1229 915 1269 975 ut
1291 911 1395 975 fratri

236 999 414 1077 etheredi,
432 1005 467 1064 et
490 999 531 1062 de
553 999 627 1082 ipso
650 1001 726 1063 Ada
742 1000 799 1062 isti
821 999 961 1080 adgnati,
979 999 1036 1082 qui
1051 1020 1143 1063 rrunc
1157 999 1247 1084 petit
1262 1006 1302 1061 ut
1325 999 1394 1062 filia

236 1090 271 1150 et
296 1086 403 1151 heres.
449 1088 494 1150 Et
520 1087 600 1151 inde
630 1087 788 1172 producit
812 1091 950 1152 sectam.
996 1086 1042 1149 Et
1072 1087 1188 1170 Agnes
1213 1085 1394 1151 Coldecine

236 1172 341 1253 venit,
357 1177 393 1237 et
408 1174 564 1239 defendit
579 1175 636 1258 jus
653 1195 751 1238 suum
776 1175 922 1257 quando,
938 1177 1015 1252 etc,
1031 1181 1067 1236 et
1088 1173 1172 1236 dicit
1194 1175 1284 1256 quod
1310 1195 1393 1257 praa-

236 1261 347 1325 dictus
362 1260 472 1325 Adam
489 1261 580 1325 filius
601 1261 733 1346 Rogeri,
749 1261 791 1324 de
815 1263 913 1344 cujus
930 1260 1065 1346 seysina
1086 1260 1250 1344 praedicta
1264 1261 1391 1344 Agnes,

234 1348 312 1412 filiae
327 1349 421 1427 Adae,
437 1348 525 1432 petit
540 1369 655 1412 versus
679 1369 754 1412 eam
780 1348 979 1433 preadictum
1003 1351 1248 1427 tenementum,
1273 1348 1394 1413 habuit

235 1435 413 1519 quemdam
451 1435 570 1513 filium,
603 1437 772 1518 Rogerum
805 1435 953 1513 nomine,
984 1435 1028 1498 ad
1060 1456 1157 1518 quem
1192 1435 1392 1519 praedictum

232 1522 382 1601 feodum,
407 1522 483 1606 jure
507 1523 724 1600 hereditario,
755 1523 969 1587 descendisse
995 1522 1176 1606 potuisset,
1200 1527 1236 1586 et
1259 1523 1300 1585 de
1323 1541 1391 1607 quo

233 1631 303 1674 non
318 1609 405 1674 facit
423 1610 630 1673 mentionem
641 1610 678 1672 in
690 1611 886 1673 narratione
903 1631 975 1673 sua.
1015 1609 1109 1674 Petit
1121 1609 1296 1692 judicium.
1345 1611 1391 1674 m

234 1717 314 1848 {tt
327 1697 653 1850 castistatem
668 1697 970 1868 [illatam
985 1700 1108 1867 llll
1117 1697 1391 1848 <titillato

232 1870 305 1938 sina
321 1871 386 1948 die,
402 1874 437 1934 et
452 1872 580 1956 Agnes,
597 1871 669 1936 filia
684 1871 777 1950 Adra,
795 1873 832 1934 in
846 1871 921 1935 mis'
938 1891 999 1955 pro
1014 1870 1104 1935 falso
1121 1871 1275 1935 elamore.

299 2026 466 2111 Magister
480 2025 590 2089 Adam
607 2027 649 2090 de
664 2025 864 2089 Bokenfeud
880 2026 1007 2110 optulit
1022 2047 1057 2089 se
1069 2047 1184 2090 versus
1201 2027 1391 2091 Walterum

232 2115 374 2198 Heyrun
390 2115 432 2177 de
447 2113 572 2198 placito
589 2113 677 2196 quod
692 2115 872 2197 permittat
892 2113 1004 2198 ipsum
1028 2113 1152 2177 habere
1176 2135 1390 2178 communam

232 2205 379 2286 pastura
395 2199 430 2264 in
447 2200 638 2266 Bolsenfeld
654 2200 695 2263 de
712 2221 778 2283 qua
793 2201 962 2265 Robertns
977 2201 1018 2264 de
1034 2201 1273 2285 Graunteleye,
1291 2207 1389 2286 pater

231 2287 383 2373 praedicti
398 2287 492 2366 Adae,
509 2287 608 2372 cujus
624 2287 721 2351 heres
739 2287 810 2371 ipse
826 2303 889 2367 est,
906 2287 976 2351 fuit
992 2288 1138 2373 seysitus
1162 2292 1202 2352 ut
1224 2289 1265 2354 de
1287 2291 1388 2354 feodo

234 2381 408 2459 tamquam
437 2372 666 2458 pertinentem
698 2375 741 2438 ad
771 2375 914 2439 liberum
952 2379 1185 2439 tenementum
1224 2397 1321 2440 suum
1352 2375 1388 2439 in

188 2529 198 2560 ι
232 2462 349 2528 eadem
370 2461 450 2526 villa
474 2461 528 2526 die
554 2482 618 2544 quo
634 2461 731 2540 obiit,
748 2467 812 2526 etc.
858 2463 904 2524 Et
920 2462 991 2546 ipse
1007 2483 1074 2524 uon
1092 2464 1195 2542 venit,
1212 2467 1246 2526 et
1262 2463 1388 2549 pluries

230 2549 315 2616 fecit
344 2549 521 2627 defaltum,
549 2549 599 2611 ita
625 2550 715 2633 quod
745 2555 951 2633 praceptum
978 2549 1048 2613 luit
1077 2549 1268 2614 vicecomiti
1298 2552 1388 2635 quod

231 2637 453 2720 distringeret
478 2656 554 2698 eum
579 2657 639 2720 per
665 2657 783 2700 omnes
807 2641 927 2714 terras,
952 2641 1029 2716 etc,
1058 2640 1093 2699 et
1125 2637 1217 2721 quod
1247 2639 1388 2703 haberet

109 2745 113 2754 ’
230 2745 350 2809 corpus
378 2723 453 2808 ejus
480 2723 546 2799 hic,
574 2728 637 2787 etc.
685 2724 730 2787 Et
746 2724 929 2788 vicecomes
947 2723 1054 2788 nichil
1069 2724 1148 2787 inde
1164 2724 1258 2789 fecit.
1307 2727 1387 2792 Ideo

231 2812 321 2876 sicut
344 2810 438 2894 prius
465 2815 671 2894 praeceptum
696 2815 748 2874 est
773 2810 963 2876 vicecomiti
987 2812 1075 2894 quod
1100 2811 1287 2896 distringat
1311 2835 1386 2877 eum

230 2921 290 2984 per
315 2918 431 2962 omnes
458 2903 577 2975 terras,
604 2902 680 2977 etc,
706 2898 755 2960 ita
783 2899 871 2980 quod
896 2899 937 2962 de
963 2897 1122 2978 exitibus,
1140 2907 1217 2977 etc,
1241 2905 1276 2964 et
1298 2901 1388 2984 qnod

231 2987 356 3050 habeat
381 3007 501 3068 corpus
525 2985 601 3068 ejus
629 2984 664 3046 in
693 2985 832 3049 Octabis
858 2984 976 3049 Sancti
1002 2985 1180 3050 Michaelis
1198 2988 1288 3072 apud
1304 2987 1388 3072 Ley-

231 3073 399 3138 cestriam.
446 3073 493 3134 m
519 3073 687 3155 Magister
709 3072 819 3135 Adam
843 3072 884 3135 de
907 3072 1108 3138 Bokenfeud
1124 3074 1222 3156 ponit
1238 3074 1310 3139 loco
1328 3095 1388 3138 suo

231 3161 418 3224 Robertum
447 3160 487 3224 de
516 3159 713 3243 Lydington
740 3159 792 3222 vel
819 3158 1029 3222 Willelmnm
1063 3161 1103 3222 de
1137 3161 1319 3239 Carieton'‚
1354 3166 1389 3224 et

228 3250 363 3311 amovet
379 3246 569 3309 Walterum
588 3247 629 3310 de
648 3247 814 3311 Herforth
832 3269 930 3329 quem
946 3245 1048 3330 prius.

294 3409 412 3474 Assisa
437 3407 529 3470 venit
553 3406 770 3491 recognitum
786 3407 814 3470 si
830 3407 852 3470 J
854 3409 1006 3471 ohannes
1023 3409 1064 3474 de
1080 3409 1231 3474 Haltono
1246 3410 1386 3494 injuste,

230 3501 306 3576 etc,
324 3494 507 3560 disseisivit
525 3494 735 3577 Dyonisiam,
753 3516 826 3577 quae
842 3495 911 3557 fuit
927 3517 1012 3559 uxor
1035 3496 1179 3562 Gilberti
1203 3498 1244 3562 de
1268 3499 1328 3575 Ba,
1346 3500 1387 3562 de

229 3583 337 3647 libero
361 3587 558 3648 tenemento
585 3602 645 3645 suo
672 3583 707 3644 in
733 3582 862 3664 Magna
884 3583 1116 3666 Wytington’,
1139 3589 1217 3669 post
1232 3586 1386 3668 primam,

228 3676 292 3736 etc.
339 3671 384 3734 m
400 3669 490 3732 unde
506 3670 660 3752 queritur
672 3670 761 3750 quod
773 3669 1042 3733 disseisiviteam
1053 3671 1094 3735 de
1112 3693 1179 3735 uno
1195 3673 1386 3757 messuagio

230 3763 265 3824 et
289 3757 469 3841 sexaginta
493 3761 528 3819 et
553 3755 708 3819 undecim
736 3756 824 3819 acris
849 3761 947 3821 terrae
970 3779 1047 3821 cum
1066 3759 1295 3842 pertinentiis.
1342 3761 1388 3823 Et

228 3845 403 3912 Johannes
428 3865 496 3906 non
527 3843 632 3920 venit,
663 3864 725 3906 nec
754 3843 823 3907 tuit
853 3843 1076 3924 attachiatus,
1108 3846 1187 3929 quia
1220 3869 1285 3911 non
1316 3847 1386 3911 fuit

227 3932 396 4010 inventus,
430 3936 482 3993 set
527 3931 665 4013 quidam
710 3931 887 3994 Johannes
915 3932 956 3994 de
985 3931 1213 4016 Discington',
1243 3933 1386 3998 ballivus

229 4039 320 4097 suus,
337 4017 440 4096 venit,
458 4023 492 4081 et
509 4017 613 4079 nichil
630 4016 714 4079 dicit
730 4039 832 4100 quare
849 4018 955 4082 assisa
971 4026 1154 4098 remaneat,
1172 4021 1238 4084 nisi
1248 4027 1385 4085 tantum

227 4105 316 4192 quod
333 4104 417 4168 dicit
434 4105 522 4187 quod
538 4104 701 4187 praedicta
716 4104 880 4187 Dyonisia
896 4127 1069 4188 nunquam
1094 4107 1164 4170 fuit
1188 4110 1224 4171 in
1252 4110 1386 4194 sep-sina

228 4195 268 4260 de
284 4192 444 4278 praedicto
461 4195 656 4256 tenemento
672 4196 711 4254 ut
727 4192 768 4254 de
785 4191 890 4256 libero
906 4197 1111 4273 tenemento,
1129 4195 1179 4257 ita
1196 4196 1284 4278 quod
1306 4196 1385 4260 inde

226 4284 342 4366 posset
358 4278 533 4342 dissaisiri.
572 4278 594 4341 J
595 4283 750 4343 uiatores
764 4279 885 4343 dicunt
901 4301 1001 4363 super
1017 4289 1266 4347 sacramentum
1284 4305 1383 4347 suum

227 4367 317 4453 quod
332 4365 513 4450 pradictus
528 4365 551 4429 J
552 4366 703 4430 ohannes
720 4365 903 4430 disseisivit
914 4368 1110 4450 praedictam
1126 4369 1326 4453 Dyonisiam
1343 4371 1384 4434 de

227 4454 388 4544 praedicto
418 4459 615 4520 tenemento
640 4454 728 4540 quod
752 4454 868 4540 posuit
892 4455 929 4520 in
955 4454 1027 4520 visu
1045 4477 1117 4538 suo,
1140 4457 1282 4541 injuste,
1307 4461 1383 4540 etc,
