3272 5092
329 473 444 520 sssrrs
468 476 567 536 nona,
589 475 929 536 uoarrrnnssamun,
953 453 996 523 53
1019 475 1101 520 aar.
1125 475 1180 520 nr.
1271 454 1332 518 191

178 626 337 694 debeant.
381 630 429 694 Et
455 631 545 696 unde
572 630 753 716 praedictus
779 630 950 696 Robertus
976 630 1132 715 queritur
1157 629 1247 714 quod
1276 651 1337 715 per

179 697 253 795 ho'c,
279 716 369 800 quod
393 717 548 802 praedicti
574 717 742 803 Magister
766 717 885 782 etalii
911 718 1055 802 exigunt
1071 739 1284 782 communem
1300 717 1335 780 in

178 807 270 866 terra
285 823 348 868 sua
362 804 398 867 in
417 804 505 870 Suth
527 805 724 884 Goseforth,
753 805 979 871 deterioratae
1011 807 1123 870 estet
1151 805 1335 890 dampnum

177 889 282 954 habet
297 891 341 955 ad
356 890 539 958 valentiam
670 897 680 938 ¹
697 897 732 956 et
747 892 826 959 inde
840 891 998 976 producit
1014 896 1151 958 sectam,

244 977 291 1041 Et
306 979 476 1064 Magister
491 984 526 1044 et
542 978 602 1044 alii
624 980 778 1058 veniunt,
795 985 830 1043 et
845 978 1040 1043 Willelmus
1064 980 1154 1043 filius
1178 979 1336 1044 Nicholai

178 1063 367 1148 dicitquod
383 1087 451 1130 non
467 1071 564 1131 tenet
578 1066 716 1150 aliquod
731 1029 966 1131 teirementnm
988 1087 1049 1150 per
1071 1067 1160 1150 qnod
1184 1067 1332 1151 aliquam

178 1171 393 1252 communem
409 1153 445 1216 in
460 1153 577 1217 terra'
567 1153 675 1239 1psius
691 1154 858 1218 Roberti
849 1175 886 1217 m
903 1153 991 1217 Suth
1007 1153 1173 1219 Gost'orth
1188 1153 1336 1220 clamare

179 1237 288 1323 possit
302 1261 365 1306 uec
381 1241 528 1325 aliquam
545 1263 759 1306 communem
773 1240 808 1304 ia
822 1241 935 1307 terra
926 1241 1032 1325 ipsius
1045 1240 1187 1307 Roberti
1199 1241 1335 1306 clamat.

179 1326 411 1392 ermbertus
428 1349 496 1391 non
512 1331 626 1412 potest
641 1327 705 1393 hoc
728 1329 892 1407 dedicere,
909 1329 985 1392 ideo
1009 1329 1260 1393 consideratum
1283 1335 1336 1393 est

178 1413 267 1496 quod
295 1414 476 1499 praedictus
501 1414 693 1480 Willelmus
716 1414 806 1479 {ilius
829 1378 989 1480 Nidholai
1011 1416 1090 1479 inde
1114 1416 1187 1479 sine
1209 1416 1274 1496 die,
1299 1419 1335 1482 et

178 1501 348 1566 Robertus
373 1502 409 1564 in
438 1502 523 1567 mis’.
579 1503 625 1566 nt
651 1502 834 1587 pradictus
864 1502 1057 1567 Willelmus
1088 1502 1179 1567 filius
1212 1503 1335 1588 Hayne

178 1588 264 1652 dicit
287 1589 376 1672 quod
398 1610 465 1653 non
490 1593 585 1654 tenet
608 1589 745 1673 aliquod
768 1595 1002 1656 tenementum
1026 1590 1063 1653 in
1087 1589 1243 1669 Kinton’,
1268 1590 1336 1655 nisi

178 1680 315 1739 tantum
342 1677 523 1762 sexaginta
549 1697 644 1740 acras
672 1681 771 1742 terrm
794 1677 838 1741 ad
866 1679 1048 1742 terminum
1074 1677 1132 1760 qni
1159 1698 1227 1740 non
1254 1678 1336 1741 dum

180 1762 346 1846 praeteriit
362 1785 404 1828 ex
420 1764 618 1828 dimissione
634 1764 787 1849 praedicti
803 1763 949 1828 Walteri
966 1764 1007 1827 de
1025 1763 1155 1848 Seleby,
1172 1785 1232 1848 per
1247 1764 1335 1847 quod

182 1849 253 1934 ipse
280 1851 403 1917 debeat
429 1851 575 1916 clamare
600 1872 815 1915 communem
839 1851 875 1914 in
903 1857 994 1917 terra
1019 1851 1125 1934 ipsius
1141 1851 1284 1915 Roberti
1299 1852 1335 1915 in

181 1937 268 2000 Sutb
288 1937 485 2016 Goseforth,
502 1946 537 2003 et
553 1942 652 2003 vocat
667 1938 759 2023 ipsos
777 1939 963 2004 Walterum
981 1943 1016 2002 et
1032 1938 1239 2022 Margeriam
1255 1939 1335 2003 inde

179 2025 222 2088 ad
247 2031 465 2103 warrantum,
490 2025 617 2090 habeat
641 2046 709 2106 eos,
735 2030 799 2090 etc.
846 2026 971 2089 Postea
991 2041 1157 2089 venerunt
1179 2025 1334 2110 praedicti

187 2111 355 2176 walterus
372 2116 407 2176 et
422 2113 604 2196 Mergens,
621 2134 681 2196 per
696 2116 908 2178 attornatum
933 2134 1042 2190 suum,
1059 2119 1094 2178 et
1110 2113 1336 2178 warantizant

179 2199 341 2283 praedicto
357 2199 527 2264 Willelmo
543 2203 579 2263 et
594 2200 800 2285 respondent
816 2222 893 2264 cum
908 2199 984 2263 aliis
1000 2203 1040 2263 ut
1056 2199 1148 2264 infra
1163 2205 1270 2284 patet.

245 2287 291 2350 Et
313 2286 467 2372 praedicti
494 2287 673 2371 Magister,
699 2286 886 2365 walterus,
914 2291 950 2351 et
976 2308 1092 2350 omues
1119 2287 1189 2366 alii,
1213 2293 1336 2372 prater

180 2373 377 2458 pradictum
407 2373 615 2437 Willelmum
642 2374 750 2438 filiurn
776 2373 946 2452 Nicholai,
973 2374 1165 2439 defendunt
1198 2376 1266 2439 vim
1300 2380 1335 2440 et

181 2461 349 2544 injuriam,
378 2459 525 2544 quando,
549 2466 625 2539 eta,
650 2464 686 2524 et
708 2461 828 2524 dicunt
851 2461 939 2544 quod
962 2461 1056 2545 juste
1079 2460 1223 2545 exigunt
1252 2484 1334 2547 prae·

180 2549 306 2613 dictam
322 2569 537 2612 communem
553 2548 588 2611 in
603 2553 695 2613 terra
710 2549 818 2632 ipsius
834 2548 977 2612 Roberti
988 2548 1023 2610 in
1037 2549 1125 2612 Suth
1139 2547 1334 2624 Goseforth‚

183 2636 261 2719 quia
288 2635 409 2700 dicunt
434 2635 523 2719 quod
550 2635 731 2719 praedictus
759 2635 929 2700 Robertus
956 2638 992 2699 et
1018 2638 1248 2701 antecessores
1282 2637 1336 2701 sui

181 2744 312 2807 semper
323 2729 571 2788 consueverunt
582 2723 706 2787 habere
716 2744 930 2787 communam
941 2722 974 2784 in
986 2723 1086 2786 terris
1098 2724 1335 2807 praedictorum

181 2809 339 2894 Magistri
357 2814 392 2874 et
408 2809 552 2874 eliorum
574 2809 611 2872 in
634 2809 791 2888 Kinton',
816 2815 852 2875 et
875 2810 965 2893 quod
988 2809 1079 2873 idem
1094 2810 1265 2875 Robertus
1282 2816 1335 2876 est

180 2897 258 2961 inde
276 2897 374 2961 modo
389 2897 425 2959 in
442 2896 587 2981 seysiua,
600 2901 635 2960 et
648 2897 737 2980 quod
746 2896 836 2960 idem
849 2897 1016 2982 Magister
1029 2903 1064 2960 et
1076 2897 1334 2981 predecessores

181 2986 233 3048 sui
250 2990 284 3048 et
300 2984 459 3048 similiter
476 2983 647 3047 Walterus
671 2988 707 3047 et
729 2982 800 3063 alii,
824 2994 859 3048 et
875 2990 1107 3048 antecessores
1123 2984 1187 3061 sui,
1204 3005 1335 3069 semper

181 3075 428 3136 consueverunt
443 3069 567 3135 habere
583 3092 798 3140 communem
813 3074 849 3133 in
864 3075 956 3134 terra
971 3071 1123 3155 praedicti
1140 3071 1282 3134 Roberti
1298 3072 1333 3135 in

183 3159 269 3223 Suth
283 3158 479 3237 Goseforth,
496 3158 588 3240 unde
603 3157 725 3221 dicunt
740 3159 829 3241 quod
845 3179 884 3222 eo
900 3158 987 3241 jure,
1004 3157 1092 3240 quod
1110 3178 1242 3241 semper
1258 3180 1334 3223 con-

181 3254 363 3311 sueverunt
380 3249 498 3308 mutuo
514 3265 730 3310 communare
746 3246 782 3308 in
798 3247 899 3309 terris
923 3244 1078 3324 aliorum,
1102 3245 1247 3329 exigunt
1269 3246 1335 3331 ipsi

180 3354 392 3396 communarn
410 3336 444 3393 iu
462 3338 554 3397 terra
569 3331 676 3416 ipsius
692 3331 845 3396 Roberti.

245 3420 291 3484 nt
306 3419 476 3484 Robertus
493 3419 578 3483 dicit
594 3419 683 3502 quod
699 3419 882 3503 praedictus
898 3418 1067 3503 Magister
1082 3423 1118 3482 et
1133 3419 1194 3483 alii
1209 3420 1336 3504 injuste

180 3507 323 3590 exigunt
340 3527 553 3570 communem
576 3506 613 3568 in
636 3511 729 3569 terra
751 3506 859 3590 ipsius
880 3505 1034 3584 Roberti,
1052 3505 1131 3589 quia
1146 3506 1231 3570 dicit
1247 3509 1336 3590 quod

181 3595 317 3678 quidam
334 3594 515 3670 Robertua
532 3596 727 3657 antecessor
743 3614 836 3670 suus,
852 3593 921 3656 fuit
937 3593 1082 3676 seysitus
1104 3592 1140 3655 in
1165 3594 1335 3660 dominico

181 3704 242 3746 suo
253 3685 292 3744 ut
301 3682 342 3744 de
352 3681 453 3744 feodo
469 3684 504 3744 et
519 3680 605 3764 jure,
620 3679 767 3742 habendi
779 3680 889 3743 terras
902 3701 980 3743 suas
996 3679 1031 3742 in
1050 3679 1138 3742 Suth
1151 3680 1336 3745 Goseforth

181 3770 217 3832 in
243 3789 304 3832 suo
329 3767 484 3851 separali,
517 3768 643 3849 absque
677 3767 740 3831 hoc
771 3767 861 3849 quod
895 3767 1155 3850 praedecessores
1182 3769 1335 3852 praedicti

180 3855 342 3938 Magistri
358 3863 392 3920 et
408 3854 479 3929 alii,
496 3854 548 3916 vel
566 3859 796 3917 antecessores
812 3852 964 3938 praedicti
975 3853 1121 3917 Walteri
1133 3858 1169 3917 et
1180 3854 1335 3937 aliorum,

181 3943 330 4026 aliquam
356 3963 569 4006 communem
601 3941 633 4002 in
668 3941 795 4004 eisdem
827 3940 1021 4005 habuerunt
1050 3945 1201 4025 tempore
1231 3942 1337 4026 Regis

180 4029 329 4107 Ricardi‚
346 4029 504 4093 avunculi
520 4028 649 4091 domini
666 4028 770 4111 Regis
786 4049 889 4106 nunc,
914 4026 1078 4110 capiendo
1094 4027 1172 4091 inde
1189 4029 1337 4114 expletia

181 4118 224 4182 ad
237 4116 431 4194 valentiam,
447 4127 511 4181 etc.
559 4117 603 4178 Et
619 4116 660 4178 de
677 4115 751 4198 ipso
767 4115 917 4179 Roberto
934 4114 1109 4178 descendit
1121 4115 1177 4199 jus
1190 4117 1337 4182 habendi

180 4204 359 4289 praedictas
385 4207 494 4266 terras
519 4202 555 4265 in
584 4223 645 4266 suo
672 4203 817 4286 separali
845 4201 980 4265 cuidam
1007 4200 1139 4282 Otue10,
1157 4209 1196 4265 ut
1211 4203 1281 4267 filio
1302 4209 1337 4270 et

181 4291 306 4371 heredi,
324 4290 416 4354 etde
432 4291 505 4374 ipso
529 4288 663 4366 Otuelo,
688 4289 824 4353 cuidam
848 4289 1001 4370 Magoni,
1018 4296 1059 4351 ut
1073 4287 1144 4352 filio
1159 4295 1194 4352 et
1210 4291 1337 4374 heredi,

614 4461 622 4496 ¹
641 4461 726 4516 Blank
738 4461 765 4514 in
777 4461 894 4530 original.
