3264 5110
396 521 509 569 99999
531 521 630 583 aona,
654 521 992 583 uonnnuunnnnsuu,
1016 499 1035 568 7
1058 521 1147 568 now.
1170 523 1194 568 1.
1316 503 1377 568 361

224 676 406 763 solempter
426 675 678 828 §nocimentum
709 679 773 754 ost,
804 675 833 742 si
861 675 946 762 quis,
971 680 1036 742 919.
1082 677 1128 741 Et
1150 675 1276 758 nullus,
1312 679 1379 743 oto.

225 763 308 831 Ideo
323 785 425 832 oonoe
449 767 520 830 itur
535 784 583 830 eis
599 765 698 829 firma
711 785 788 848 pax.
887 803 891 812 ι

291 920 401 984 Adam
416 919 506 984 filius
518 918 658 985 Ricardi
670 918 712 985 19
725 918 964 1004 Langsohawe,
982 922 1101 1003 captus
1113 940 1175 1004 pro
1188 919 1379 1005 suspicione

225 1005 408 1087 latrocinii,
424 1010 460 1072 91
475 1006 708 1092 inprisonatus
724 1007 761 1070 in
771 1005 910 1091 prisona
925 1007 966 1070 19
975 1006 1072 1071 Novo
1088 1005 1221 1086 Castro,
1238 1008 1379 1073 eandem

226 1093 399 1243 frisonam
414 1093 521 1180 fregit
543 1098 578 1158 et
600 1093 694 1178 fugit
717 1095 761 1158 ad
782 1094 958 1158 eeclesiam
973 1093 1087 1160 Beatae
1102 1093 1220 1158 Mariua
1235 1095 1379 1179 Magda-

240 1202 320 1261 enae,
347 1183 382 1247 91
402 1181 562 1266 cognovit
586 1202 622 1248 se
643 1181 822 1260 latronem,
848 1183 883 1245 et
903 1180 1075 1264 abjuravit
1098 1202 1242 1266 regnum
1267 1203 1380 1246 coram

226 1271 433 1334 coronatore.
479 1269 526 1333 Et
540 1268 619 1352 quia
633 1267 814 1353 praediatus
829 1268 940 1332 Adam
955 1267 1063 1332 evasit
1078 1289 1099 1332 a
1114 1269 1252 1352 prisona
1266 1269 1378 1354 burgi,

225 1354 302 1420 ideo
317 1355 359 1420 ad
375 1354 540 1441 judicium
556 1356 598 1422 19
613 1356 768 1420 evasione
784 1375 884 1439 super
898 1354 1098 1440 praediotum
1115 1355 1270 1439 burgum.

291 1517 440 1583 Jaoobus
463 1517 664 1602 Flamming‚
689 1538 841 1600 quarens
868 1520 1049 1601 argentum
1071 1537 1132 1600 pro
1148 1516 1257 1581 tribus
1273 1516 1379 1582 doleis

227 1605 297 1670 vini
327 1605 369 1669 91
400 1605 536 1670 domurn
568 1605 735 1669 Johanuis
767 1604 829 1668 filii
859 1605 986 1690 Rogeri
1011 1604 1054 1668 91
1083 1626 1167 1689 opus
1198 1604 1378 1690 eujusdam

227 1692 478 1772 Vaseoniensis,
510 1694 546 1758 et
576 1692 666 1756 idem
695 1691 718 1755 J
720 1692 843 1757 aoobus
876 1691 913 1754 in
943 1691 1123 1768 redeundo,
1150 1698 1316 1757 venerunt
1348 1693 1380 1756 91

228 1779 359 1845 obviam
386 1780 524 1863 quidam
550 1779 719 1845 Robeitus
746 1781 994 1862 Sautemareys,
1018 1779 1188 1843 Robertus
1212 1779 1309 1858 Virli,
1345 1783 1381 1843 et

213 1867 346 1931 'Simon
377 1868 418 1932 19
447 1867 574 1951 Ripuu,
611 1871 646 1931 91
676 1865 864 1931 Willelmus
903 1867 944 1932 19
971 1865 1166 1945 Pomslaud,
1203 1872 1238 1930 et
1267 1865 1379 1950 ipsum

228 1954 395 2019 Jacobum
423 1953 674 2019 insultaverunt
711 1956 745 2018 et
780 1975 857 2018 oum
888 1953 1015 2018 baculis
1045 1953 1306 2017 verberaverunt
1345 1955 1380 2017 91

229 2040 350 2106 tibiam
365 2041 472 2127 ipsius
487 2041 676 2126 fregerunt,
699 2040 749 2104 ita
772 2042 861 2124 quod
884 2041 977 2105 infra
991 2044 1061 2106 tres
1078 2039 1286 2124 septimanas
1301 2040 1380 2105 1919

230 2127 324 2193 obiit.
369 2129 415 2192 Et
437 2127 589 2213 p1adi0ti
613 2126 794 2208 leobertus,
819 2127 988 2193 Robeitus
1003 2125 1113 2208 1119111,
1137 2131 1173 2191 91
1188 2126 1247 2190 alii
1262 2127 1379 2191 statim

230 2215 395 2300 fugerunt
409 2236 516 2299 usque
532 2216 575 2280 ad
591 2215 728 2279 domum
743 2214 886 2279 Roberti
902 2215 1149 2299 Sautemareys.

295 2373 318 2437 J
320 2373 470 2437 ohannes
495 2371 526 2438 le
551 2372 669 2438 Soater
692 2370 882 2438 verberavit
896 2370 1101 2455 Angustum,
1118 2390 1256 2435 uxorem
1272 2391 1378 2450 suam,

231 2461 376 2544 quodam
402 2460 532 2539 baculo,
558 2460 609 2523 ita
635 2459 724 2544 quod
747 2459 827 2523 1919
851 2458 946 2522 obiit.
992 2458 1037 2520 Et
1062 2457 1236 2522 Johannes
1263 2457 1380 2522 statim

230 2548 324 2633 fugit
348 2552 383 2612 et
405 2547 652 2626 maieoreditur,
679 2547 754 2612 ideo
780 2546 937 2630 exigatur
961 2548 996 2608 91
1020 2544 1204 2628 utlagatus.
1250 2543 1383 2610 Catalla

231 2635 307 2785 §gns
322 2635 416 2785 xiiii
431 2635 571 2784 dPosilea
585 2636 752 2735 testatum
779 2636 833 2697 est
856 2632 946 2716 quod
968 2632 1058 2696 idem
1086 2632 1261 2696 Johannes
1284 2631 1380 2696 obiit.

274 2742 313 2786 eo
329 2743 400 2785 n11
453 2743 510 2787 eu
539 2743 667 2807 agana.

296 2867 470 2932 Walterus
506 2867 548 2933 19
584 2867 737 2951 Arkesay
766 2865 881 2950 posuit
911 2886 947 2930 se
984 2865 1020 2928 in
1057 2865 1231 2932 ecelesiam
1264 2863 1382 2930 Sancti

231 2953 480 3033 Bartholomaei‚
511 2959 546 3020 et
578 2955 737 3039 cognovit
767 2975 802 3018 se
833 2975 904 3020 esse
933 2951 1112 3032 latronem,
1147 2956 1182 3016 91
1208 2951 1382 3038 abjuravit

232 3063 372 3126 regnum
389 3062 501 3106 eoram
516 3045 724 3107 coronatore.
769 3040 903 3105 Catella
918 3039 994 3126 ejus
1009 3038 1113 3104 99119.

295 3215 465 3280 Robertus
480 3213 511 3278 le
526 3212 649 3298 Valeys
666 3213 780 3279 voleus
806 3217 933 3276 sectare
961 3211 1128 3296 quendam
1151 3210 1311 3275 baculum
1339 3212 1381 3276 91

233 3324 351 3370 canem
376 3323 484 3380 suum,
509 3321 570 3384 per
588 3299 816 3364 infortunium
844 3299 1009 3382 percussit
1035 3298 1227 3376 Mutilum,
1242 3319 1382 3363 uxorem

233 3411 339 3468 suam,
371 3387 407 3452 in
433 3386 539 3468 ooulo,
563 3387 615 3451 ita
644 3388 732 3470 quod
755 3408 816 3470 per
840 3385 1067 3450 infortunium
1089 3385 1168 3450 1919
1195 3385 1291 3450 obiit.
1337 3386 1383 3450 111

233 3477 351 3542 statim
365 3475 469 3560 fugit,
493 3478 529 3538 et
544 3494 612 3537 non
627 3473 864 3539 maleoreditur
879 3472 921 3536 19
935 3472 1073 3551 1919919,
1090 3471 1165 3537 1199
1180 3471 1384 3556 loquendum

231 3565 310 3630 inde
326 3584 402 3629 oum
418 3559 554 3627 domino
569 3561 673 3646 Rege.

296 3717 497 3802 Radulphus
533 3714 684 3781 Halioos'
714 3714 830 3780 volens
866 3714 978 3780 lavare
1008 3714 1044 3778 in
1081 3714 1227 3798 quodam
1258 3715 1383 3780 batello

232 3807 398 3891 quandam
415 3803 546 3869 eablam
557 3803 594 3866 in
609 3824 697 3886 aqua
711 3802 752 3868 de
764 3802 868 3888 Tyne,
880 3801 1059 3866 inundavit
1069 3807 1169 3867 19919
1184 3823 1271 3886 aqua
1283 3824 1383 3887 super

232 3915 309 3960 eum
324 3892 414 3976 quod
432 3890 623 3956 submersit.
669 3890 793 3953 Nullus
808 3889 887 3953 1919
902 3889 1152 3953 maleoreditur.
1196 3889 1218 3954 J
1221 3889 1382 3970 odicium,

231 3978 470 4044 infortunium.
516 3977 673 4042 Preoium
697 3977 799 4042 oablae
826 3980 861 4040 et
887 3975 1005 4041 butelli
1031 3976 1097 4060 xxij
1108 3975 1154 4055 d’,
1181 3976 1269 4044 9919
1295 3977 1382 4042 vioe·

121 4127 124 4134 .
233 4087 342 4134 eomes
358 4065 579 4150 respondeat„
607 4065 654 4129 111
670 4063 718 4149 xij
736 4063 905 4150 juratores
916 4062 1383 4147 oonoelaveruntpraediotum

232 4154 455 4232 deodandum,
471 4152 547 4217 ideo
562 4152 599 4214 19
614 4151 701 4216 mis'.

291 4321 482 4386 Willelmus
491 4320 522 4384 19
534 4318 674 4398 Taillur,
687 4317 873 4381 indiotatus
886 4316 926 4380 19
937 4318 1190 4400 receptamento
1200 4287 1384 4396 latronum,

233 4409 404 4476 subtraxit
434 4428 468 4474 se
491 4413 526 4474 et
554 4405 648 4492 fugit
674 4425 779 4488 usque
804 4404 841 4466 in
865 4403 1056 4469 libertatem
1088 4402 1129 4466 19
1153 4402 1317 4468 Tinemue
1347 4409 1383 4468 91

233 4497 359 4563 ibidem
367 4497 559 4580 receptatus
569 4500 631 4558 est.
669 4492 716 4556 Et
726 4490 962 4566 maleoreditur
972 4489 1014 4554 19
1023 4488 1175 4576 pluribus
1184 4488 1384 4571 latrociniis,
