3278 5104
338 557 453 603 111111
475 559 572 618 noan,
596 557 934 617 nonrnuusnanann,
959 539 1107 604 58111.
1131 560 1185 606 rra
1276 537 1340 602 175

185 713 347 798 predicto
362 717 560 780 tenemento
575 713 687 794 debet,
704 713 834 780 saisivit
849 713 924 798 ipsa
945 713 1142 798 praedictum
1165 717 1339 778 tenemen-

186 808 262 864 tum
292 801 329 864 in
359 821 499 865 manum
525 822 632 881 suam,
657 801 746 866 sicut
776 801 808 865 ei
833 801 918 866 bene
942 800 1051 881 licuit,
1076 823 1116 866 eo
1138 802 1229 885 quod
1251 800 1342 864 idem

189 889 305 953 Simon
323 888 437 952 tenuit
451 888 651 973 preadictum
666 891 901 954 tenementum
916 888 952 952 in
967 887 1151 973 villenagio
1167 889 1210 952 ad
1221 887 1341 952 volun-

188 978 296 1040 tatem
311 975 419 1060 ipsius
434 975 600 1054 Isabellae,
616 977 707 1040 unde
723 975 808 1040 dicit
824 975 913 1060 quod
928 975 1018 1039 idem
1035 976 1152 1040 Simon
1169 996 1343 1058 nunquam

188 1062 259 1127 fuit
274 1062 310 1126 in
323 1063 450 1128 seisina
465 1063 506 1126 de
521 1063 683 1147 praedicto
705 1067 902 1128 tenemento
915 1070 954 1126 ut
969 1062 1011 1126 de
1026 1063 1133 1129 libero
1148 1065 1344 1127 tenemento

189 1150 325 1215 111111
349 1151 438 1234 quod
464 1149 543 1216 inde
558 1153 674 1234 posset
697 1149 872 1214 disseisiri.
917 1149 964 1213 Et
985 1151 1166 1234 praedictus
1189 1149 1343 1234 Begerus

187 1237 290 1337 111111
305 1236 494 1322 dicitquod
511 1237 648 1336 'nullam
662 1237 876 1302 disseisinam
892 1236 923 1300 ei
945 1236 1041 1338 fecit,
1057 1237 1137 1336 quia
1153 1237 1343 1320 dicitquod

187 1324 1345 1496 11111111111111111111111111111ξῖ

190 1497 220 1562 11
234 1497 350 1582 aliqua
365 1497 546 1563 disseisina
555 1499 625 1563 sive
640 1498 771 1583 injuria
786 1499 817 1562 ei
832 1497 927 1562 iacta
942 1497 1023 1578 fuit,
1037 1499 1101 1562 hoc
1110 1498 1178 1562 fuit
1188 1519 1248 1582 per
1262 1520 1344 1582 prse-

190 1584 317 1651 dictam
342 1585 527 1658 Isabellam
552 1592 587 1649 et
612 1606 681 1650 non
707 1605 768 1670 per
787 1586 909 1668 ipsum.
956 1585 1002 1648 Et
1028 1585 1070 1649 de
1094 1586 1159 1650 hoc
1182 1585 1282 1669 ponit
1309 1605 1343 1649 se

192 1693 294 1757 super
307 1672 458 1736 assisam.
504 1672 680 1739 Juratores
706 1673 826 1737 dicunt
849 1693 949 1756 super
969 1676 1219 1737 sacramentum
1246 1693 1345 1736 suum

188 1759 279 1844 quod
293 1759 476 1842 praedictus
500 1759 619 1825 Simon
640 1759 730 1824 filius
748 1757 904 1823 Weldevi
926 1759 1041 1843 aliquo
1055 1763 1209 1843 tempore
1228 1759 1343 1823 tenuit

189 1845 389 1930 predictum
417 1849 651 1911 tenementum
686 1846 723 1910 in
751 1845 972 1930 villenagium
1005 1847 1074 1929 (sic)
1107 1847 1149 1911 de
1182 1847 1345 1930 praedicta

189 1932 347 2014 Isabella,
372 1933 463 1997 unde
488 1933 608 1998 dicunt
634 1935 724 2017 quod
753 1933 844 1998 idem
871 1933 988 1998 Simon
1011 1955 1186 2016 nunquam
1210 1933 1281 1996 fuit
1307 1934 1344 1996 in

191 2020 318 2085 seisina
340 2020 381 2086 11
404 2019 566 2104 praedicto
589 2023 794 2100 tenementO,
810 2025 851 2085 ut
867 2021 907 2086 11
930 2020 1036 2085 libero
1058 2023 1255 2085 tenemento
1271 2041 1342 2100 sue,

190 2106 241 2171 ita
263 2107 354 2191 quod
377 2107 458 2172 inde
484 2112 600 2193 posset
626 2107 802 2186 disseisiri,
819 2106 909 2171 unde
932 2106 1053 2172 111111
1075 2109 1167 2192 quod
1189 2107 1344 2191 praedicti

190 2193 382 2260 Isabellaet
397 2215 513 2259 omnes
530 2193 588 2259 alii
603 2215 672 2258 non
688 2193 945 2260 disseisirerunt
955 2195 1154 2278 praedictum
1172 2195 1342 2258 Simonem

191 2281 233 2346 de
247 2282 408 2366 praedicto
423 2283 629 2361 tenemento,
645 2283 735 2365 quod
748 2281 866 2366 posuit
880 2280 916 2344 in
930 2281 1007 2346 visu
1022 2303 1093 2362 sue,
1110 2282 1251 2367 injuste,
1268 2285 1344 2362 eta,

191 2369 280 2433 sicut
296 2369 395 2434 breve
410 2367 504 2433 dicit.
550 2368 597 2431 Et
621 2369 697 2433 ideo
716 2367 968 2435 consideratum
991 2372 1044 2434 est
1070 2370 1160 2453 quod
1181 2369 1345 2453 praedicta

191 2455 339 2521 Isabella
360 2458 396 2520 11
411 2476 528 2523 omnes
551 2454 610 2520 alii
633 2455 713 2520 inde
729 2455 802 2520 sine
824 2455 890 2536 die,
907 2458 942 2520 et
957 2455 1075 2520 Simon
1097 2455 1205 2521 nichil
1231 2456 1344 2541 capiat

190 2564 251 2628 per
265 2543 409 2608 assisam
424 2541 537 2623 istam,
555 2544 607 2608 set
623 2542 669 2607 sit
684 2543 721 2607 in
735 2542 811 2606 mis’
826 2563 888 2628 pro
903 2541 992 2608 falso
1008 2542 1164 2609 clamore.

256 2711 407 2779 Michael
429 2712 471 2778 de
501 2711 644 2797 Kyllum
674 2713 884 2778 attachiatus
910 2712 981 2777 1111
1003 2714 1047 2778 ad
1071 2714 1343 2800 respondendum

192 2801 303 2866 Priori
317 2800 359 2866 de
374 2799 573 2886 Kyrkeham
595 2800 637 2865 de
652 2800 779 2886 placito
795 2801 885 2884 quod
898 2804 1017 2865 teneat
1032 2800 1064 2865 ei
1087 2801 1189 2865 finem
1212 2800 1343 2868 factum

192 2888 338 2953 incuria
363 2886 469 2972 Regis
492 2907 605 2952 coram
628 2886 829 2971 justiciariis
850 2887 1092 2952 itinerantibus
1119 2889 1155 2952 in
1179 2889 1343 2954 comitatu

191 2974 269 3055 1111,
285 2975 376 3041 inter
389 2973 612 3052 Willelmum,
630 2974 800 3059 quondam
815 2975 967 3039 Priorem
984 2976 1025 3038 de
1040 2975 1241 3055 Kirlreham,
1257 2998 1342 3060 prae·

192 3063 402 3128 decessorem
416 3060 571 3146 praedicti
593 3060 731 3141 Primis,
747 3063 956 3145 querentem,
972 3065 1008 3126 et
1028 3062 1191 3126 Thomam
1208 3064 1249 3126 de
1265 3063 1342 3127 Kil-

190 3149 273 3230 lum,
289 3154 422 3234 patrem
436 3147 590 3232 praedicti
606 3147 796 3227 Michaelis,
807 3147 906 3233 cujus
921 3149 1020 3214 heres
1035 3149 1107 3234 ipse
1124 3155 1187 3227 est,
1203 3150 1342 3236 impedi-

192 3241 316 3316 entem,
327 3236 369 3302 de
384 3235 516 3299 duabus
531 3235 700 3301 carucatis
715 3237 813 3300 terrae
825 3255 902 3299 cum
917 3235 1135 3320 pertinentiis
1157 3242 1192 3303 et
1202 3243 1344 3322 pastura

192 3325 235 3388 ad
248 3323 341 3387 mille
350 3342 438 3400 oves,
449 3321 539 3387 unde
554 3322 793 3407 cirographum
807 3321 939 3387 factum
954 3322 1024 3386 1111
1039 3323 1194 3388 intereos
1210 3324 1245 3388 in
1260 3347 1343 3409 pra-

191 3410 267 3476 fata
281 3410 376 3476 curia
390 3429 504 3474 coram
519 3409 671 3494 prefatis
686 3407 899 3494 justiciariis,
916 3413 980 3475 etc.
1026 3411 1072 3474 111
1086 3411 1175 3475 1111
1190 3412 1344 3495 queritur

191 3497 400 3582 quod—cum
412 3496 591 3580 praedictus
601 3496 746 3562 Thomas
759 3494 979 3561 concessisset
987 3497 1149 3581 praedicto
1158 3498 1343 3578 Willelmo,

191 3583 426 3670 praedecessori
441 3582 594 3669 praedicti
609 3582 749 3664 Prioris,
767 3583 988 3648 sufficientem
1003 3593 1177 3669 pastruam
1191 3585 1236 3649 ad
1250 3586 1343 3651 mille

191 3692 269 3739 oves
293 3671 329 3734 in
357 3670 500 3749 Killum,
515 3673 556 3734 ut
581 3668 618 3733 in
643 3670 758 3750 moris,
785 3669 945 3755 pasttuis,
972 3673 1008 3734 et
1035 3671 1213 3737 dominicis
1242 3673 1344 3737 terris

193 3758 300 3844 ipsius
311 3757 458 3837 Thomae,
468 3757 660 3823 habendum
677 3764 712 3823 et
723 3757 909 3823 tenendum
921 3757 1029 3823 eidem
1042 3758 1152 3823 Priori
1168 3763 1204 3825 et
1215 3780 1344 3827 succes-

193 3845 324 3910 soribus
355 3845 426 3909 suis
455 3843 497 3910 de
523 3844 684 3930 praedicto
708 3844 838 3909 Thoma
862 3848 897 3910 et
922 3844 1103 3910 heredibus
1128 3847 1198 3910 suis
1221 3846 1342 3931 imper-

191 3936 343 4018 petuum,
360 3934 410 3996 ita
434 3931 525 4016 quod
548 3931 638 3998 idem
662 3929 761 3995 Prior
785 3930 856 3995 fuit
879 3931 957 3995 inde
981 3931 1017 3994 in
1041 3932 1174 4018 sepsina
1195 3933 1345 3999 habendi

192 4019 390 4105 praedictam
415 4022 590 4103 pasturam
617 4038 678 4103 per
700 4017 899 4103 pnedictum
924 4019 1026 4082 finem
1057 4019 1136 4085 inde
1165 4020 1257 4084 inter
1286 4042 1344 4086 eos

193 4106 397 4187 confectum,
414 4108 449 4170 et
465 4105 623 4170 similiter
637 4105 675 4168 in
697 4103 876 4170 dominicis
892 4104 1000 4189 ipsius
1016 4105 1195 4171 Michaelis
1209 4108 1252 4171 ad
1275 4107 1345 4173 alia

192 4193 307 4260 averia
331 4214 404 4274 sua,
428 4191 466 4256 in
488 4192 654 4272 warectis,
680 4213 741 4276 per
762 4196 876 4258 totum
899 4212 1040 4272 annum,
1067 4199 1102 4259 et
1126 4193 1284 4260 similiter
1307 4195 1344 4258 in

192 4279 370 4346 dominicis
400 4279 507 4365 ipsius
537 4279 726 4360 Michaelis,
757 4281 909 4362 tempore
936 4284 1064 4363 aperto,
1096 4280 1236 4362 scilicet,
1266 4284 1345 4366 post

192 4367 292 4433 blada
308 4372 343 4433 ct
364 4367 459 4432 foena
480 4370 666 4452 asportata,
683 4388 704 4431 a
724 4365 814 4430 festo
829 4364 990 4431 Omnium
1016 4367 1216 4432 Sanctorum
1239 4389 1345 4452 usque

193 4455 237 4519 ad
259 4454 389 4519 festum
412 4453 667 4519 Purificationis
693 4453 808 4518 Beata
830 4451 1172 4538 Mariae—praedictus
1194 4455 1343 4521 Michael

190 4563 261 4607 non
275 4540 447 4628 permittit
463 4541 573 4627 ipsum
595 4540 749 4607 Priorem
764 4540 887 4606 habere
908 4539 1083 4626 pasturam
1099 4543 1142 4607 ad
1158 4542 1250 4609 mille
1265 4563 1344 4612 oves
