3272 5092
252 490 316 555 198
402 509 516 556 issrzn
538 507 638 565 nonu,
660 505 998 565 nonnnnrsnnnnnnn,
1023 483 1170 550 5311.
1196 502 1250 548 111.

250 663 450 750 praedictum
471 665 705 730 tenementum
728 681 843 728 versus
864 661 977 746 ipsum
999 657 1156 746 petitum,
1179 655 1261 742 quin
1284 655 1404 720 dicunt

251 753 342 839 quod
372 751 461 816 idem
487 751 662 816 Johanues
686 753 782 816 tenet
805 769 911 813 unum
933 744 1146 831 mesuagium
1170 744 1211 810 de
1233 742 1403 828 predictis

252 839 384 904 duobus
406 837 590 923 mesuagiie
605 841 647 902 ut
662 837 703 902 de
718 835 832 916 feodo,
854 836 908 901 die
932 855 998 919 quo
1016 833 1113 898 obiit.
1158 832 1205 897 Et
1227 831 1302 895 ideo
1325 851 1405 895 con-

253 926 437 993 sideratum
452 930 506 992 eet
521 925 610 1009 quod
621 923 776 1010 praedicti
785 921 974 988 Willelmus
989 924 1026 986 et
1040 918 1229 986 Willelmus
1241 922 1277 982 et
1288 918 1404 1002 Agnes

252 1013 331 1077 inde
347 1013 420 1078 sine
435 1011 500 1093 die,
515 1018 552 1077 et
567 1011 589 1076 J
591 1011 741 1076 ohannes
757 1007 864 1076 nichil
876 1009 988 1094 sepiat
1003 1028 1065 1093 per
1085 1007 1210 1072 assises
1233 1005 1328 1085 istas,
1353 1007 1405 1069 set

254 1101 298 1166 sit
313 1101 350 1164 in
365 1099 441 1166 mie'
458 1119 521 1185 pro
537 1098 625 1164 falso
641 1098 796 1164 clamore.

320 1261 494 1327 Walterus
510 1261 600 1326 filius
619 1259 786 1326 lobannis
808 1263 843 1324 et
863 1257 987 1338 Isolds,
1007 1278 1092 1322 uxor
1106 1256 1192 1342 ejus,
1208 1254 1293 1320 dant
1308 1255 1406 1320 dimi·

255 1349 347 1416 dium
361 1350 405 1412 m'
423 1369 484 1435 pro
498 1348 639 1414 licentia
653 1346 878 1414 concordandi
894 1368 970 1412 eum
981 1346 1005 1410 J
1005 1345 1139 1409 ohanne
1155 1343 1222 1407 filio
1237 1343 1259 1407 J
1262 1343 1406 1408 ohsnni

254 1437 319 1501 filii
328 1435 485 1501 Weldevi
501 1436 542 1501 de
558 1435 683 1521 placito
698 1435 777 1498 linis
793 1433 903 1500 facti.¹
931 1432 1137 1498 Ethabeant
1149 1431 1406 1516 cyrographum.

319 1589 484 1655 Rieurdus
509 1589 599 1655 filins
623 1589 786 1655 Willelmi
811 1590 852 1656 de
877 1586 1106 1655 Ponteluundl
1131 1587 1290 1674 cognovit
1317 1588 1407 1671 quod

255 1676 421 1742 concessit
450 1681 485 1742 et
515 1677 609 1743 dedit
642 1677 815 1756 Dionisiae,
846 1676 924 1741 filiae
960 1675 1129 1741 Johuunis
1166 1675 1208 1739 de
1241 1675 1406 1756 Wotton’,

254 1769 401 1850 quatuor
433 1765 572 1829 bovatae
606 1768 704 1830 terrae
736 1785 812 1829 oum
845 1761 1064 1850 pertinentiis
1095 1763 1129 1825 in
1162 1761 1334 1827 territorio
1365 1763 1407 1828 de

253 1849 446 1918 Bechefeud
476 1873 552 1915 cum
581 1851 681 1916 tostis
711 1855 747 1917 et
777 1851 909 1931 croftis,
938 1851 1007 1930 ,viis
1044 1854 1078 1916 et
1108 1849 1249 1930 semitis,
1287 1849 1405 1934 pratis,

254 1937 400 2024 pascuis,
438 1937 597 2023 pasturis,
635 1938 787 2023 petariis,
831 1937 1022 2023 quarreriis‚
1061 1958 1100 2002 ac
1139 1935 1294 2002 omnibus
1331 1936 1407 2002 eliis

256 2025 476 2110 nysiementis
497 2025 665 2110 pmdietae
694 2030 792 2091 terrae
817 2023 1079 2111 pertinentibus,
1105 2023 1198 2088 infra
1223 2023 1337 2087 villam
1366 2024 1407 2087 de

136 2151 141 2162 ·
254 2112 448 2178 Bechefeud
471 2117 507 2177 et
531 2119 638 2194 extra,
661 2112 749 2192 illas,
771 2111 939 2188 videlicet,
956 2133 1039 2212 ques
1056 2111 1219 2196 magister
1234 2107 1407 2176 Gilbertus

252 2199 293 2264 de
308 2199 369 2277 Ba,
386 2199 555 2283 quondam
571 2200 715 2264 meritos
736 2200 904 2285 praedictae
928 2198 1102 2279 Dronrsiea,
1118 2198 1160 2262 de
1176 2198 1251 2282 ipso
1266 2198 1407 2262 tenebat

254 2287 299 2351 ad
320 2287 461 2351 firmum.
510 2287 710 2351 Hebendum
735 2291 771 2352 et
792 2286 978 2352 tenendum
1000 2285 1042 2350 de
1068 2284 1142 2370 ipso
1168 2293 1203 2350 et
1227 2284 1407 2351 heredibus

255 2371 325 2438 suis
354 2373 615 2459 imperpetuum,
647 2373 747 2438 diotre
784 2372 946 2438 Dionisiae
980 2379 1015 2438 et
1044 2373 1224 2438 heredibus
1255 2373 1325 2438 suis
1354 2370 1408 2437 vel

255 2459 453 2545 cuicumque
477 2460 568 2540 dare,
593 2461 780 2546 assignare,
803 2460 958 2540 vendere,
980 2459 1033 2524 vel
1054 2459 1167 2544 legere
1193 2459 1348 2539 voluerit,
1372 2460 1407 2523 in

253 2545 364 2628 feodo,
390 2547 591 2627 hereditate,
611 2546 727 2625 libere,
751 2547 875 2632 quiete,
897 2547 1043 2632 integre,
1066 2553 1101 2614 et
1125 2547 1235 2613 solute
1256 2547 1300 2612 ab
1315 2547 1408 2612 omni

258 2633 404 2714 servitio,
426 2634 551 2714 worda,
574 2635 708 2715 relevio,
732 2633 925 2718 maritagio,
953 2638 1046 2699 secta
1069 2633 1180 2715 curiae,
1206 2634 1305 2700 rebus
1333 2633 1409 2699 uliis

256 2724 292 2785 et
317 2719 502 2801 deme—ndis,
524 2743 596 2806 quae
618 2721 731 2806 aliquo
754 2721 853 2786 modo
874 2721 918 2785 ub
940 2721 1109 2806 aliquibus
1128 2721 1219 2806 exigi
1235 2724 1408 2807 poterunt,

131 2813 136 2820 '
257 2807 426 2874 reddendo
463 2807 542 2873 inde
576 2807 640 2872 sibi
672 2815 706 2873 et
737 2808 918 2872 heredibus
950 2809 1020 2872 suis
1047 2807 1100 2874 vel
1114 2803 1195 2874 ¹suis
1225 2808 1409 2910 assignetis

256 2894 434 2959 annuatim
464 2893 519 2959 die
548 2894 683 2959 Natalis
709 2895 850 2959 Domini
876 2916 982 2959 unum
1009 2917 1153 2980 granum
1180 2895 1304 2982 piperis
1333 2917 1409 2960 cnm

256 2981 412 3048 omnibus
435 2979 591 3062 servitiis,
618 2982 932 3062 consuetudinibus,
959 2987 994 3047 et
1020 2983 1265 3062 exactionibus,
1291 2985 1327 3048 et
1354 2983 1409 3048 de·

256 3068 399 3134 mundis.
453 3069 500 3132 nt
523 3068 613 3153 quod
635 3070 707 3154 ipse
730 3075 766 3134 et
787 3069 928 3134 heredes
951 3069 1005 3134 sui
1029 3068 1081 3134 vel
1105 3071 1284 3155 assignati,
1312 3069 1410 3136 diotoe

257 3155 419 3220 Dionisiae
441 3159 476 3222 et
497 3156 677 3222 heredibus
697 3157 768 3221 suis
783 3156 836 3223 vel
851 3155 921 3221 suis
938 3157 1123 3241 assignetis
1140 3158 1248 3222 dictas
1265 3162 1411 3243 quatuor

258 3243 397 3308 bovatas
421 3246 519 3308 terrae
543 3264 619 3308 oum
642 3243 735 3308 tofto
761 3247 796 3308 et
822 3243 943 3324 crofto,
964 3264 1004 3308 uc
1028 3245 1184 3309 omnibus
1206 3245 1282 3310 eliis
1306 3245 1410 3330 perti-

258 3328 384 3394 nentiis
422 3329 504 3410 suis,
540 3330 755 3397 libertatibus
793 3335 829 3394 et
863 3330 1071 3410 asiamentis,
1111 3333 1409 3412 warrantizabunt,

258 3417 510 3501 acquietabunt,
534 3421 570 3482 et
591 3417 777 3484 defendent
799 3419 1058 3502 imperpetuum,
1081 3419 1169 3484 sicut
1183 3419 1317 3504 plenius
1333 3440 1410 3485 con·

256 3502 414 3570 tinentur
427 3504 463 3567 in
479 3504 624 3589 quodam
639 3504 765 3589 scripto
780 3502 859 3568 inde
874 3505 966 3569 inter
981 3526 1037 3570 eos
1054 3507 1220 3572 confecto.

325 3659 490 3743 Magister
503 3658 693 3744 Hospitalis
709 3659 826 3725 Sencti
841 3660 955 3745 Egidii
972 3661 1013 3725 de
1037 3661 1194 3748 Kepiere,
1219 3685 1280 3748 per
1302 3667 1411 3728 ottor-

260 3750 380 3812 netum
409 3767 507 3810 suum
535 3747 661 3832 optulit
696 3768 732 3812 se
756 3747 834 3832 ffija
863 3749 918 3812 die
944 3770 1060 3814 versus
1092 3750 1276 3816 Robertum
1301 3751 1411 3815 filium
1439 3812 1447 3826 ‚

257 3832 425 3898 iohannis
447 3833 489 3899 de
510 3831 729 3919 Farnnylawe
751 3833 793 3900 de
824 3835 950 3920 placito
975 3836 1075 3902 unius
1098 3839 1265 3924 mesuagii
1291 3842 1413 3923 quater

258 3919 380 4006 viginti
409 3922 445 3986 et
481 3919 648 3986 sexdecim
677 3942 830 3987 aerarum
860 3927 959 3988 terrae
986 3927 1021 3988 et
1050 3925 1229 4004 duodecim
1255 3946 1410 3990 acrarum

259 4007 350 4091 preti
376 4025 452 4070 cum
477 4006 693 4091 pertinentiis
718 4007 755 4072 in
779 4010 1127 4094 Westhertwaytton'.
1174 4013 1220 4078 Et
1242 4013 1315 4097 ipse
1342 4034 1409 4078 non

257 4092 359 4160 venit.
404 4091 450 4156 nt
480 4095 735 4175 summoniatur,
766 4098 830 4160 eto.
876 4096 1059 4178 Judicium,
1082 4099 1282 4182 praedictum
1303 4089 1408 4166 'teue-

260 4183 416 4246 mentum
441 4179 594 4265 capiatur
619 4181 656 4245 in
681 4201 819 4246 manum
849 4183 977 4248 domini
1006 4185 1121 4270 Regis,
1153 4192 1187 4254 et
1217 4188 1301 4268 dies,
1332 4191 1410 4267 ete,

294 4351 808 4422 ¹SeeAppendix,Feetqum‚North·
858 4357 918 4409 lund
929 4357 1072 4411 heldlunds
1092 4358 1121 4410 in
1140 4359 1285 4412 Ponteluud
1303 4361 1331 4412 ol
1345 4359 1413 4412 Wil-

261 4419 548 4482 mt.,110a111.,N0.
560 4423 617 4474 150.
858 4424 920 4477 lium
930 4425 962 4476 de
970 4423 1080 4479 Valenoe
1099 4428 1164 4493 (Iup.
1174 4427 1296 4492 P.H.‚2t
1304 4429 1368 4479 lilio
1376 4429 1417 4492 .I.,

294 4483 398 4538 ¹Peter
418 4502 464 4539 son
480 4486 509 4538 oi
523 4487 637 4541 Richurd
661 4489 694 4542 de
713 4489 809 4543 Ponte·
858 4491 910 4544 No.
922 4493 974 4554 56).
