3278 5104
356 571 467 617 sssrzu
490 572 588 634 eona,
611 572 947 635 roruuusssamun,
971 556 1014 620 40
1036 576 1118 621 aar.
1143 577 1195 624 111.
1306 557 1344 620 81

270 725 323 792 De
336 725 576 812 purpresturis,
585 727 704 794 dicunt
712 729 801 812 quod
811 729 963 796 homines
973 729 1099 796 Prioris
1111 730 1348 798 Dunelmensis

205 812 434 880 fundaverunt
448 814 627 899 quamdam
638 836 821 901 mangnam
832 815 945 882 villam
954 819 991 881 in
1004 821 1105 903 portu
1117 819 1157 885 de
1167 817 1283 904 Tyris)
1298 817 1348 883 ita

77 919 80 925 ¹
207 900 296 985 quod
316 905 394 986 post
409 901 567 967 ultimum
591 903 657 968 iter
679 903 950 969 Justiciariorum
972 927 1033 990 per
1054 926 1137 989 quos
1162 905 1347 970 inhibitum

205 987 275 1052 fuit
295 988 454 1074 praedicto
476 988 586 1054 Priori
607 994 642 1054 et
664 990 855 1056 hominibus
878 992 947 1057 suis
962 1014 1005 1057 ne
1020 993 1212 1077 praedictam
1233 992 1347 1057 villam

206 1075 348 1140 ulterius
363 1080 601 1157 accrescerent,
617 1077 707 1142 idem
727 1077 824 1142 Prior
845 1082 881 1144 et
902 1079 1054 1144 homines
1078 1080 1131 1144 sui
1153 1080 1348 1146 levaverunt

206 1162 332 1316 tert
341 1166 521 1315 lustr
532 1163 763 1317 111111
773 1166 1296 1320 ltllalrltstbsltlt
1305 1169 1348 1318 t

206 1271 355 1438 piscibus
378 1340 412 1404 et
434 1337 510 1438 aliis
532 1340 642 1419 rebus,
665 1339 715 1404 ita
737 1301 825 1424 quod
849 1339 1044 1441 piscatores,
1060 1341 1119 1425 qui
1141 1342 1282 1407 veniunt
1306 1341 1347 1407 de

207 1445 293 1489 marr
315 1427 350 1489 et
372 1425 556 1510 applicant,
579 1426 729 1492 vendunt
750 1427 799 1492 ibi
824 1447 931 1512 p1sces
954 1429 1142 1513 regratario
1164 1429 1207 1493 ad
1232 1449 1348 1494 reven-

206 1511 380 1592 dandum,⁹
408 1512 497 1577 unde
526 1514 653 1598 burgus
682 1514 723 1581 de
752 1514 848 1580 Novo
877 1513 997 1580 Castro
1025 1515 1257 1580 deterioratur.
1301 1514 1348 1578 Et

207 1598 360 1678 custodes
390 1598 493 1664 castri
522 1601 687 1664 amittunt
723 1601 830 1686 prisas
860 1623 947 1667 suas.
1017 1602 1062 1666 Et
1091 1603 1246 1667 dominus
1275 1602 1348 1668 Rex

206 1685 545 1840 {ffffiffil‘mium
567 1709 664 1752 suum
686 1692 722 1754 et
744 1688 827 1754 alias
843 1689 1102 1755 consuetudines
1118 1711 1196 1754 suas
1217 1689 1347 1754 debitas

200 1989 203 1996 Ι
272 1911 361 1976 Item
376 1911 494 1977 dicunt
509 1912 598 1996 quod
612 1912 766 1978 homines
781 1914 887 1998 ipsius
902 1912 1039 1994 Prioris,
1055 1916 1090 1978 et
1103 1913 1215 1998 plures
1231 1912 1290 1977 alii
1306 1912 1347 1978 de

207 1997 365 2063 libertate
386 1998 546 2085 Episcopi
567 1999 816 2080 Dunelmensis,
833 2021 974 2084 quorum
994 2001 1133 2066 nomina
1152 2000 1347 2085 ingnorant,

206 2084 402 2150 levaverunt
415 2085 528 2170 plures
543 2087 705 2171 piscarias
721 2086 758 2150 in
773 2108 861 2170 aqua
878 2087 921 2152 de
941 2088 1037 2168 Tina,
1053 2108 1195 2172 quarum
1211 2087 1347 2153 brachia

206 2173 395 2238 extendunt
409 2193 445 2237 se
460 2193 565 2257 usque
579 2174 623 2238 ad
639 2173 732 2238 filum
746 2195 840 2259 aquae
855 2175 897 2239 de
911 2175 996 2240 Eine
1011 2179 1046 2239 et
1059 2174 1161 2253 ultra,
1184 2195 1244 2260 per
1258 2175 1347 2258 quod

206 2259 371 2324 transitus
386 2259 521 2324 navium
536 2259 717 2345 inpeditur.

271 2397 323 2462 De
338 2397 434 2463 novis
450 2397 757 2478 consuetudinibus,
774 2397 892 2464 dieunt
914 2399 1004 2482 quod
1024 2403 1201 2484 postquam
1216 2397 1348 2464 convio-

207 2488 281 2548 tum
296 2483 366 2549 fuit
380 2505 440 2570 per
454 2486 632 2569 quamdam
648 2485 901 2569 inquisitionem
916 2488 1044 2552 factam
1063 2507 1123 2572 per
1144 2489 1348 2573 praeceptum

208 2571 336 2636 domini
352 2571 465 2656 Regis,
482 2573 569 2656 quod
584 2573 737 2638 homines
759 2574 801 2637 ds
823 2573 919 2638 Novo
941 2573 1061 2639 Castro
1082 2577 1220 2659 possent
1240 2594 1348 2638 emere

207 2659 243 2723 in
258 2658 347 2723 villis
363 2659 604 2745 campestribus
627 2660 664 2724 in
678 2659 835 2726 libertate
855 2660 960 2746 ipsius
975 2661 1132 2747 Episcopi
1149 2660 1221 2727 sine
1236 2660 1349 2745 aliqua

207 2747 450 2812 consuetudine
465 2746 633 2827 facienda,
643 2747 758 2812 bellivi
767 2747 925 2832 Episcopi
936 2748 1149 2833 distringunt
1159 2748 1250 2833 ipsos
1258 2747 1350 2812 inter

206 2833 289 2899 Wer
312 2837 347 2897 et
371 2833 455 2898 Eine
484 2833 521 2897 in
546 2833 635 2899 villis
665 2835 906 2920 campestribus
936 2855 996 2921 per
1024 2835 1283 2902 consuetudines
1307 2835 1349 2899 de

206 2920 434 2986 marchandiis
453 2920 490 2984 in
511 2920 600 2986 villis
619 2921 861 3006 campestribus
881 2923 1015 3007 emptis,
1039 2926 1075 2988 et
1097 2922 1235 3008 capiunt
1250 2921 1349 2986 vadia

207 3009 318 3073 suaet
333 3028 374 3072 ea
387 3007 498 3087 adhuc
512 3008 676 3073 detinent.
720 3009 767 3074 Et
790 3029 890 3095 super
910 3009 974 3075 hoc
991 3009 1131 3076 veniunt
1146 3009 1348 3075 senescallus

206 3094 364 3181 Episcopi
379 3098 414 3161 et
425 3094 581 3163 similiter
591 3096 770 3161 celerarius
783 3095 1000 3177 Dunholam’,
1014 3097 1072 3180 qui
1087 3097 1206 3162 dicunt
1226 3096 1344 3182 [quod]

204 3182 365 3268 praedicta
401 3181 484 3262 loca,
522 3182 559 3245 in
589 3182 709 3266 quibus
749 3183 902 3268 praedicti
937 3183 1107 3269 juratores
1143 3187 1350 3269 praesentant

204 3269 383 3372 praedictas
406 3270 689 3355 transgressiones
715 3270 839 3350 factas,
863 3273 943 3335 sunt
970 3274 1066 3337 extra
1090 3271 1290 3336 comitatum
1313 3275 1348 3338 et

204 3357 297 3421 mira
311 3356 425 3442 regale
439 3356 598 3442 Episcopi
620 3356 709 3422 inter
730 3358 823 3444 Tyue
845 3361 880 3422 et
903 3357 1005 3437 Tese;
1028 3358 1147 3422 dicunt
1169 3359 1259 3441 quod
1280 3379 1348 3422 non

205 3443 329 3509 debent
343 3444 423 3510 inde
438 3445 649 3528 respondere,
670 3465 732 3510 neo
754 3445 791 3508 in
813 3444 960 3529 aliquam
980 3445 1233 3529 inquisitionem
1254 3445 1346 3530 poni.

204 3531 251 3596 Et
277 3530 356 3615 quia
381 3530 537 3595 domiuus
561 3531 634 3595 Rex
658 3532 702 3595 ad
724 3531 883 3598 ultimum
906 3531 972 3596 iter
994 3532 1128 3597 exstitit
1152 3532 1189 3595 in
1212 3530 1346 3612 saisina,

204 3617 366 3703 capiendo
388 3617 624 3702 inquisitiones
639 3639 699 3703 per
712 3617 838 3684 milites
853 3620 895 3683 ds
910 3618 1075 3684 comitatu
1097 3619 1348 3684 Northumbriae

204 3704 246 3770 de
270 3705 537 3790 transgressione
560 3705 608 3771 eis
625 3704 719 3772 faeta
739 3705 833 3770 intra
851 3705 1043 3771 libertatem
1057 3705 1163 3792 ipsius
1178 3706 1346 3791 Episcopi,

201 3792 372 3877 provisum
397 3794 450 3859 est
468 3813 529 3877 per
549 3791 763 3858 Justiciarios
785 3793 874 3876 quod
903 3792 1096 3878 inquiratur
1121 3793 1162 3859 de
1187 3793 1347 3879 praedicta

203 3878 471 3965 transgressione
486 3880 527 3944 de
543 3879 706 3945 comitatu
727 3879 987 3946 Nerthumbriae.
1032 3881 1078 3945 Et
1098 3880 1289 3945 Willelmus
1305 3879 1346 3945 de

201 3966 406 4046 Lilleburne,
422 3967 639 4032 Robertusde
651 3968 813 4048 Carnhou,
825 3965 993 4032 Robertus
1003 3967 1164 4047 Eaudon’,
1177 3967 1346 4032 Henrious

202 4054 243 4119 de
253 4052 286 4118 la
296 4052 371 4134 Vel,
384 4053 549 4118 Ricardus
558 4053 760 4134 Mantalent,
771 4054 975 4119 Eustachius
990 4055 1031 4122 de
1047 4055 1080 4119 la
1094 4054 1169 4137 Vel,
1180 4054 1346 4120 Ricardus

237 4244 387 4297 ι11111111
406 4245 555 4298 1111801111
574 4245 680 4299 Shields.
714 4243 748 4294 In
797 4261 870 4311 years
881 4250 937 4313 past
947 4249 998 4299 and
1007 4247 1060 4300 sold
1068 4247 1151 4300 divers
1158 4245 1345 4299 memhaudizes

203 4313 248 4364 the
259 4312 389 4364 Hundrcd
400 4312 459 4364 Roll
469 4313 536 4364 fort
549 4313 619 4364 Edu.
637 4312 652 4363 1
666 4311 748 4376 (print
797 4313 878 4376 there,
889 4317 937 4366 stc.

201 4379 250 4431 vol.
269 4379 305 4443 ii,
324 4395 349 4444 p.
362 4381 406 4442 19)
427 4396 442 4429 a
459 4379 555 4430 similar
592 4382 749 4431 resentment
830 4378 841 4410 ²
858 4381 964 4445 Thetis,
975 4381 1038 4446 they
1049 4381 1103 4433 sold
1115 4381 1182 4434 their
1194 4381 1240 4432 fish
1254 4379 1344 4431 whole-

201 4446 224 4498 is
246 4446 327 4508 made,
348 4445 457 4512 namely,
480 4442 538 4497 that
560 4396 703 4512 tdessPrlor
721 4445 749 4495 ol
797 4446 848 4498 sale
875 4450 901 4498 to
928 4449 959 4498 be
987 4449 1041 4499 sold
1068 4448 1144 4514 again
1171 4446 1252 4499 rotail.
1298 4447 1344 4498 See

106 4511 109 4518 ’
200 4511 319 4563 Durhsm
340 4511 391 4563 had
418 4513 509 4564 caused
536 4515 564 4564 to
591 4513 622 4563 be
644 4511 711 4564 built
732 4528 749 4562 s
797 4515 925 4565 Jodr'eiom
944 4511 1344 4566 RllosteanddotsofEdward

200 4578 299 4633 oertdn
309 4578 353 4631 vill
360 4579 439 4632 called
447 4579 591 4633 Suthessles
598 4595 654 4633 now
663 4577 747 4646 thirty
798 4578 852 4632 III.
861 4581 962 4648 against
972 4581 1105 4648 regrating
1116 4573 1166 4632 aud
1177 4581 1344 4648 forestalling.

1152 4667 1171 4715 (l
