3272 5092
410 517 525 564 nesrac
546 517 645 580 6666,
667 515 1006 576 66666666666666,
1031 493 1049 560 7
1074 514 1162 560 nnn.
1185 515 1211 559 1.
1325 491 1388 556 235

238 672 311 758 ipse
336 672 465 738 66161611
493 672 656 759 praedicta
682 675 880 737 tenemento
902 671 938 734 in
963 691 1101 734 manum
1125 690 1232 748 suam,
1254 667 1390 732 nomine

241 761 411 841 custodia,
427 760 560 826 ratione
582 759 723 824 minoris
747 759 859 824 aetatis
881 758 988 842 ipsius
1003 755 1175 836 willelmi,
1192 756 1283 819 unde
1308 753 1392 819 dicit

240 848 330 931 quod
355 849 426 932 ipse
441 847 549 912 nichil
573 846 699 912 clamat
713 846 751 910 in
774 845 946 930 praedictis
970 843 1173 910 tenementis
1191 841 1255 907 nisi
1279 846 1390 907 66616-

239 934 330 999 diam
346 935 529 999 eorundem
544 954 650 1018 usque
666 933 709 998 ad
730 930 920 1018 legitimam
935 933 1071 996 aetatem
1091 931 1199 1014 ipsius
1216 927 1390 1007 Willelmi,

240 1042 279 1085 eo
295 1022 385 1105 quod
405 1021 586 1106 pradictus
608 1019 789 1100 Johannis,
804 1022 903 1103 pater
918 1040 1010 1097 suus,
1027 1018 1124 1084 eade
1139 1038 1179 1083 eo
1194 1016 1309 1082 tenuit
1332 1036 1392 1098 per

241 1109 426 1173 servitium.
472 1109 597 1173 Postea
617 1107 811 1173 concordati
828 1111 910 1171 sunt
933 1127 994 1190 per
1017 1104 1201 1170 licentiam.
1248 1103 1294 1168 Et
1319 1101 1390 1168 Gil-

240 1197 355 1261 bertus
386 1195 446 1260 dat
476 1196 623 1279 quinque
648 1195 691 1258 m’
723 1215 783 1279 pro
811 1193 952 1258 licentia
981 1192 1217 1258 concordandi.
1263 1191 1310 1254 Et
1339 1191 1393 1254 661

241 1283 421 1348 concordia
432 1282 511 1348 talis
521 1283 611 1366 quod
626 1280 806 1367 pradictus
816 1281 990 1346 Gilbertus
1004 1278 1215 1364 recognoscit
1231 1276 1393 1362 praedicta

243 1373 438 1434 tenemento
457 1390 534 1435 cum
557 1368 773 1454 pertinentiis
789 1389 862 1434 6666
884 1369 940 1451 jus
965 1366 1071 1451 ipsius
1090 1365 1262 1444 willelmi,
1279 1368 1314 1428 et
1334 1363 1393 1428 illa

243 1456 274 1520 61
290 1457 449 1536 reddidit,
464 1456 660 1522 habendum
674 1458 710 1522 et
731 1454 916 1521 tenendum
932 1453 1041 1518 eidem
1056 1451 1229 1517 Willelmo
1244 1457 1280 1516 61
1299 1451 1393 1515 here·

241 1543 339 1609 dibus
356 1544 427 1608 suis
451 1543 488 1607 in
512 1541 896 1628 perpetuum,faoicndo
920 1540 1126 1608 indesidem
1153 1538 1308 1605 Gilberto
1333 1559 1394 1623 per
1483 1583 1487 1588 -

241 1651 369 1695 annum
399 1631 538 1696 servitia
567 1650 640 1714 quoe
669 1629 713 1694 ad
743 1629 860 1694 eadem
890 1631 1089 1694 tenemento
1116 1625 1300 1712 pertinent.
1347 1625 1394 1689 111

241 1718 422 1803 predictus
442 1717 617 1783 Gilbertus
638 1716 804 1782 concessit
828 1736 889 1800 pro
905 1737 940 1780 se
956 1719 990 1781 et
1015 1713 1192 1780 heredibus
1218 1711 1288 1777 6616
1304 1713 1394 1796 quod

243 1806 309 1890 ipsi
339 1806 494 1871 decetero
520 1825 694 1889 nunquam
719 1803 848 1888 aliquid
876 1803 1015 1887 exigent
1040 1801 1077 1865 in
1101 1800 1272 1885 proedictis
1298 1802 1393 1865 tene·

243 1891 367 1957 mentis
381 1892 519 1957 nornine
534 1889 706 1971 custodiae,
722 1894 786 1955 etc.

307 2061 412 2125 Alina
426 2060 468 2128 de
483 2060 720 2141 Gravenwode,
732 2060 879 2125 Thomas
891 2061 933 2126 de
948 2059 1212 2144 Hagardeston’,
1224 2057 1396 2123 Amabilia

244 2151 316 2213 atte
339 2149 536 2234 Dychende,
561 2148 719 2229 Thomas,
735 2147 938 2226 Willelmus,
954 2151 990 2211 et
1012 2147 1198 2224 Johannes,
1219 2145 1283 2209 filii
1307 2145 1394 2229 ejus,

243 2235 351 2301 Lucia
374 2237 415 2300 de
436 2235 552 2314 Akild,
568 2234 739 2300 Walterus
763 2234 795 2300 le
819 2234 1017 2318 Ohapellein
1038 2234 1079 2298 de
1094 2233 1209 2312 Akild,
1226 2233 1394 2297 Henricus

244 2323 333 2388 filins
348 2322 462 2402 Alani,
478 2321 608 2387 Alanus
631 2321 721 2386 filius
745 2320 881 2386 Thomae
907 2321 1142 2399 Dorewestar',
1164 2319 1340 2385 Galfridus
1364 2319 1396 2383 le
1507 2317 1510 2324 ’

245 2411 356 2495 hung,
372 2409 475 2495 Elyas
500 2409 588 2474 filius
612 2408 802 2488 Oristianae,
819 2409 921 2492 h’lyas
949 2408 1037 2472 111166
1052 2407 1250 2486 Alexandri,
1269 2406 1396 2470 Willel-

245 2519 330 2578 mus,
346 2497 455 2561 frater
471 2496 558 2581 ejus,
574 2496 743 2562 Robertus
760 2496 849 2560 filius
867 2495 1045 2580 Hawysiae‚
1064 2495 1232 2561 Henricus
1257 2494 1395 2579 Gymur,

245 2585 398 2668 Rogerus
437 2583 527 2648 filius
564 2582 712 2662 Thomae,
749 2583 920 2647 Ranulfus
957 2581 1048 2646 filius
1078 2581 1192 2660 Alani,
1227 2581 1396 2646 Robertus

244 2671 406 2756 Broung',
425 2670 618 2755 Stephanus
640 2671 771 2750 Gnade,
788 2669 978 2734 Willelmus
993 2669 1083 2732 filius
1103 2669 1279 2746 Bernardi‚
1297 2667 1396 2752 Lyol·

268 2758 333 2823 hus
362 2758 394 2825 16
424 2757 588 2835 Forester,
622 2757 794 2823 Robertus
824 2756 855 2821 le
885 2757 973 2835 Keu,
1003 2756 1174 2821 Robertus
1203 2755 1235 2819 le
1266 2755 1395 2833 Porter,

298 2844 414 2910 bertus
444 2844 540 2924 Neel,
565 2843 736 2909 Robertus
762 2844 793 2910 16
823 2843 977 2924 Exluere,
1006 2842 1135 2907 Alanus
1161 2842 1193 2908 le
1217 2841 1397 2921 Broester',

151 2941 154 2948 '
245 2932 391 2997 Thomas
426 2931 456 2998 le
492 2931 673 3010 Broester’,
706 2931 877 2997 Robertus
915 2929 1041 3009 Bertel,
1074 2929 1274 3014 Radulphus
1307 2929 1396 2993 filius

244 3019 384 3085 Ricardi
397 3021 431 3083 et
444 3018 618 3084 Galfridus
634 3017 725 3082 fflius
741 3019 828 3103 ejus,
839 3016 1031 3083 Alexander
1043 3016 1214 3094 Walewel,
1228 3016 1397 3081 Robertus

246 3106 336 3171 filius
364 3105 491 3171 Sibiliae
517 3103 551 3173 et
581 3105 763 3186 Patricius,
790 3106 899 3171 frater
927 3105 1014 3190 ejus,
1045 3104 1191 3168 Thomas
1221 3103 1398 3183 Kerhaud,

245 3194 417 3258 Robertus
453 3192 544 3257 filius
582 3191 740 3272 Gonnoi,
770 3192 902 3256 Alanus
932 3191 973 3257 de
1003 3190 1193 3270 Mandane,
1225 3191 1398 3254 Walterus
1460 3242 1462 3246 .
1517 3237 1522 3252 .

247 3281 337 3345 filius
385 3279 571 3365 Ranulphi,
618 3280 772 3364 Rogerus
811 3278 1054 3357 Wetherhard,
1094 3277 1263 3343 Walterus
1310 3277 1398 3341 iilius

247 3367 421 3447 Willelmi,
447 3366 618 3432 Patricius
639 3371 674 3432 et
695 3365 898 3445 Willelmus,
921 3364 984 3428 filii
1009 3365 1194 3450 Ranulphi,
1215 3363 1399 3429 attachiati

246 3455 388 3521 1666661
404 3453 446 3519 ad
470 3453 758 3538 resspondendum
779 3452 904 3517 Davidi
919 3453 961 3517 de
977 3452 1196 3537 Coupelaund
1212 3452 1253 3518 de
1272 3451 1399 3537 placito

247 3563 350 3626 quare
375 3540 477 3606 blada
497 3541 605 3626 ipsius
627 3539 769 3605 Davidis
792 3541 884 3625 apud
908 3539 1127 3624 Conpelaund
1148 3539 1333 3605 crescentia
1355 3539 1399 3603 ad

247 3628 431 3695 valentiam
454 3634 590 3695 centum
606 3627 790 3692 solidorum
806 3648 881 3691 cum
904 3627 1026 3692 averiis
1042 3625 1174 3711 depasti
1195 3626 1347 3705 fuerunt,
1365 3630 1400 3690 et

249 3715 316 3782 alia
331 3714 482 3780 enormia
497 3716 528 3783 61
543 3714 735 3782 intulerunt
750 3713 794 3779 ad
812 3735 913 3798 grave
928 3713 1114 3798 dampnum
1128 3713 1235 3798 ipsius
1257 3712 1400 3778 Daridis

248 3806 284 3869 61
300 3806 418 3868 contra
432 3824 561 3889 pacem,
574 3806 639 3867 616.
684 3802 731 3866 Et
745 3801 835 3866 unde
851 3801 1003 3886 queritur
1018 3800 1108 3884 quod
1122 3800 1284 3885 praeliata
1298 3800 1400 3864 Alina

248 3893 284 3956 et
309 3889 380 3970 alii,
396 3889 450 3955 die
473 3889 568 3955 Jovis
595 3889 748 3975 proximo
770 3893 849 3973 post
870 3887 1124 3973 Assumptionis
1145 3888 1260 3953 Beatos
1282 3887 1400 3953 Mariae

250 3997 341 4041 6666
371 3976 499 4041 domini
525 3977 630 4061 Regis
657 3997 748 4040 6666
774 3979 882 4055 66616,
908 3975 943 4039 61
969 3983 1003 4040 61
1032 3975 1135 4038 armis
1162 3978 1326 4039 venerunt
1357 3976 1401 4039 ad

249 4069 357 4131 terras
390 4063 497 4148 ipsius
524 4061 666 4129 Davidis
702 4063 739 4127 in
766 4061 966 4146 Oouplaund
992 4065 1027 4128 et
1057 4061 1158 4126 blada
1188 4082 1249 4126 sua
1275 4061 1400 4126 ibidem

250 4151 435 4216 crescentia
466 4173 543 4217 cum
568 4150 687 4228 bobus,
715 4149 821 4234 equis,
848 4153 884 4213 et
915 4148 991 4214 aliis
1016 4149 1136 4214 averiis
1166 4149 1235 4213 6616
1269 4149 1402 4232 depasti

247 4239 390 4303 fuerunt
415 4241 451 4302 et
474 4236 554 4303 alia
569 4236 720 4303 enormia
746 4236 856 4302 eidem
881 4235 1004 4301 Davidi
1033 4235 1236 4315 intulerunt,
1259 4235 1401 4318 scilicet,

251 4326 368 4411 hayas,
395 4324 516 4410 quibus
550 4324 710 4410 praedicta
743 4322 845 4388 blada
876 4323 1009 4388 1661666
1037 4323 1188 4404 tuemini,
1211 4322 1401 4409 fregerunt,

251 4413 341 4480 unde
356 4411 441 4478 dicit
457 4411 546 4497 quod
561 4411 787 4477 deterioratos
802 4413 855 4476 661
869 4414 905 4475 61
916 4410 1100 4494 dampnum
1114 4409 1219 4475 habet
1233 4409 1277 4474 ad
1291 4411 1403 4477 66166-

251 4499 334 4566 tiam
360 4499 475 4565 decem
498 4499 532 4564 11.
578 4499 624 4565 Elt
638 4498 717 4564 inde
739 4496 898 4585 producit
920 4500 1058 4578 sectam,
1074 4499 1138 4563 etc.
1184 4498 1230 4562 Et
1244 4495 1347 4565 Alina
1368 4501 1404 4566 et
