3278 5104
380 579 493 626 sssvzn
516 581 614 641 sonu,
638 582 974 645 uournuusnsmrvn,
997 566 1040 629 lo
1062 583 1143 630 nnn.
1166 584 1221 629 m.
1334 565 1377 628 99

230 731 379 800 viantem
405 735 571 802 Johannis
598 736 640 804 de
665 736 790 818 Ridel’,
807 737 937 803 domini
963 739 1005 804 de
1031 739 1194 820 Denton’,
1215 738 1252 802 in
1279 739 1377 804 domo

229 821 383 906 ejusdem
398 823 576 888 Johannis.
621 826 668 889 Ilt
682 824 858 890 Walterus
873 825 991 890 statim
1007 826 1101 911 fugit
1122 831 1158 892 et
1181 826 1377 891 malcoredi-
1464 869 1468 878 ·

229 911 299 988 tur,
314 908 390 974 ideo
415 911 573 997 exigatur
598 915 634 978 et
656 913 841 998 utlsgetur.
887 913 1019 979 Catella
1044 914 1120 999 ejus
1135 915 1166 998 vj
1177 915 1203 977 ε’
1231 913 1293 999 jd’
1315 914 1375 992 ob’,

229 996 319 1061 unde
334 995 517 1062 vicecomes
531 998 744 1083 respondeat.
790 999 925 1065 Primus
941 1000 1099 1065 inventor
1113 1001 1210 1065 obiit.
1257 1001 1302 1064 Et
1315 1001 1376 1065 vil·

229 1081 302 1146 lata
316 1083 358 1148 de
373 1083 521 1151 Denton'
537 1106 606 1150 non
622 1086 712 1170 cepit
727 1087 849 1171 ipsum,
862 1086 937 1152 ideo
952 1089 989 1151 in
1003 1089 1089 1152 mis'.
1136 1088 1181 1152 Elt
1192 1088 1317 1152 villatae
1332 1087 1374 1154 de

153 1251 158 1266 Ι
228 1168 383 1255 Kynton'
399 1176 434 1237 et
456 1172 657 1252 Neweburn,
674 1194 743 1238 non
766 1174 922 1241 fecerunt
949 1180 1075 1240 sectam
1102 1197 1179 1241 cum
1202 1175 1372 1240 hutesium

228 1255 298 1321 fuit
313 1257 473 1340 levatum,
489 1259 566 1324 ideo
581 1259 618 1323 in
633 1261 719 1326 mis'.

293 1422 494 1510 Radulphus
518 1423 631 1489 Dolfin
647 1446 826 1511 oppressus
850 1425 921 1490 fuit
937 1446 998 1512 per
1016 1427 1186 1510 quandam
1205 1431 1374 1493 carectum

228 1508 374 1575 incuria
388 1511 505 1576 vicarii
522 1513 562 1576 de
577 1511 799 1593 Nevveburne,
816 1513 866 1577 ita
881 1513 970 1598 quod
991 1514 1109 1578 statim
1136 1519 1255 1599 postea
1277 1514 1373 1580 obiit.

227 1596 251 1661 J
253 1597 396 1663 ohannis
421 1599 527 1678 Brun,
544 1599 601 1684 qui
625 1599 723 1664 duxit
747 1601 943 1684 praedictam
968 1606 1147 1682 carectum,
1164 1601 1373 1667 attachiatus

228 1682 308 1765 fuit,
325 1685 491 1750 veniendo
513 1707 624 1752 coram
651 1686 852 1771 justiciariis
877 1709 979 1768 nunc,
1004 1688 1099 1754 obiit.
1144 1688 1268 1754 Nullus
1294 1689 1373 1755 inde

228 1770 475 1839 malecreditnr.
531 1773 717 1852 Judieium,
748 1773 986 1839 infortunium.
1043 1775 1200 1841 Precium
1230 1776 1308 1860 equi
1339 1779 1375 1840 et

228 1862 368 1925 carectae
382 1861 414 1945 vj
427 1863 452 1924 s’
469 1862 498 1945 vj
513 1860 558 1940 d’,
574 1861 663 1925 unde
677 1862 861 1928 vicecomes
880 1863 1091 1948 respoudeat.
1137 1863 1183 1926 llt
1198 1863 1315 1928 villata
1331 1862 1373 1927 de

227 1945 376 2011 Femon'l
394 1947 429 2011 in
447 1948 533 2026 mis',
551 1948 630 2033 quia
646 1970 714 2013 nou
728 1948 813 2013 iecit
834 1954 962 2015 sectam
984 1955 1061 2032 post
1082 1949 1249 2034 quendam
1272 1949 1372 2017 male·

227 2032 404 2116 factorem,
420 2034 478 2119 qui
493 2035 653 2120 burgavit
668 2035 805 2100 domum
820 2036 948 2122 Rogeri
964 2036 1026 2101 filii
1042 2036 1191 2102 Ricardi.

293 2207 425 2272 Sibillis
440 2207 510 2271 lilia
523 2207 697 2290 Radulphi
712 2207 754 2272 (19
769 2206 942 2272 Erdesdon
958 2206 1097 2272 inventa
1111 2207 1180 2272 luit
1196 2208 1329 2272 mortua
1338 2205 1373 2270 in

227 2314 345 2379 campo
368 2294 410 2359 de
435 2294 632 2361 Ilrdesdon’.
677 2295 803 2380 Agnes,
829 2313 924 2358 soror
947 2293 1033 2377 ejus,
1058 2295 1167 2380 prima
1192 2293 1374 2373 inventrix,

226 2381 320 2447 venit
342 2385 377 2446 et
401 2402 471 2446 non
494 2381 742 2448 malcoreditur.
788 2381 912 2446 Nullus
934 2381 1013 2445 inde
1035 2381 1284 2447 mnlecreditur.
1329 2381 1375 2444 Et

225 2468 351 2534 villatoe
365 2469 408 2534 (19
423 2468 636 2549 Erdesdon',³
651 2467 840 2553 Horseleg',
856 2467 1064 2550 Tritlinton’,
1081 2472 1116 2535 ct
1132 2467 1287 2533 linroth'
1303 2488 1373 2533 non

226 2559 392 2622 venerunt
406 2555 506 2642 plene
521 2556 564 2621 ad
579 2555 848 2641 inquisitionem,
864 2555 941 2622 ideo
955 2555 992 2619 in
1007 2555 1094 2622 mis’.

289 2718 490 2805 Radulphus
516 2719 558 2785 (19
577 2719 707 2785 Killok'
730 2719 772 2784 (19
790 2718 1016 2805 Tyrlington’,
1033 2719 1187 2786 ducendo
1205 2718 1373 2803 quoddam

224 2806 425 2893 plaustrum,
442 2807 564 2873 cecidit
579 2807 620 2872 de
635 2807 693 2872 illo
714 2807 868 2893 plaustro
883 2811 919 2872 et
934 2827 1114 2892 oppressus
1128 2805 1198 2870 fuit
1220 2806 1265 2871 ad
1287 2827 1374 2871 mor-

223 2897 304 2962 tem.
349 2893 459 2959 Adam
482 2893 570 2960 filius
593 2894 776 2978 Radulphi,
796 2894 925 2980 primus
947 2894 1115 2973 inventor,
1130 2892 1225 2957 venit
1246 2897 1281 2960 et
1304 2913 1373 2957 non

224 2981 785 3066 mslecraditur,necsliquisalius.
817 2980 1001 3060 Judicium‚
1014 2979 1255 3046 infortunium.
1293 2980 1373 3044 Pro-

223 3069 313 3135 cium
334 3068 480 3220 pllaustri
496 3073 530 3134 et
544 3069 687 3134 duorum
708 3068 831 3134 bovum
849 3068 898 3154 xij
909 3069 935 3132 s’
951 3069 1009 3153 viij
1022 3068 1067 3149 d',
1082 3068 1173 3132 unde
1187 3067 1372 3132 vicecomes

223 3159 437 3241 responsat.

288 3319 447 3400 Meriota,
464 3340 549 3384 uxor
566 3318 724 3384 Fulconis
745 3319 787 3383 de
808 3318 972 3399 Heburn’,
989 3317 1099 3384 occisa
1119 3318 1189 3383 fuit
1212 3318 1249 3382 in
1273 3317 1372 3383 domo

223 3429 366 3494 suaper
388 3407 551 3491 quosdam
573 3406 807 3478 malefactores
828 3406 864 3469 in
890 3409 999 3470 notos.
1045 3406 1214 3471 Uctredus
1235 3404 1372 3484 Burnel,

222 3495 351 3582 primus
374 3494 542 3573 inventor,
559 3493 652 3558 venit
675 3496 710 3557 et
730 3513 798 3558 non
818 3514 854 3556 m
889 3492 1068 3558 ecreditur.
1114 3491 1275 3557 Nascitur
1296 3491 1371 3576 quis

222 3603 297 3648 eam
319 3580 453 3647 occidit.
499 3581 544 3645 Elt
566 3580 684 3645 villata
707 3580 748 3646 de
771 3579 925 3644 Heburn'
941 3601 1010 3644 non
1032 3579 1118 3645 fecit
1140 3584 1278 3658 sectam,
1294 3577 1370 3643 ideo

221 3671 258 3733 in
271 3669 356 3734 mis’.
402 3669 447 3733 Et
457 3667 583 3733 villatae
594 3669 635 3732 de
645 3667 851 3752 Langhurst,
863 3666 1099 3747 Wethevvrth’,
1109 3671 1145 3731 et
1155 3665 1372 3730 Troklrelavve

221 3776 291 3821 non
305 3758 471 3821 venerunt
486 3756 529 3820 ad
544 3754 809 3840 inquisitionem,
824 3755 900 3819 ideo
915 3754 951 3818 in
968 3753 1053 3819 mis'.

285 3918 308 3984 J
309 3923 463 3984 uratores
473 3920 680 4003 praesentant
692 3916 780 4001 quod
794 3916 929 4000 quidam
945 3937 1040 4002 puer,
1051 3920 1181 4001 septem
1192 3937 1370 3996 annorum,

222 4006 414 4071 Willelmus
424 4005 513 4070 filius
528 4004 612 4070 Adae
623 4005 664 4071 de
676 4003 861 4089 Lamesley,
876 4003 1099 4069 scaturizatus
1111 4003 1182 4067 fuit
1190 4023 1252 4088 per
1264 4024 1370 4086 quan-

221 4094 300 4159 dam
325 4093 425 4158 ollam
448 4092 584 4178 plenam
613 4113 702 4176 aqua
731 4091 852 4173 calida,
883 4090 933 4155 ita
955 4089 1044 4174 quod
1067 4089 1146 4176 11111ο
1170 4089 1225 4156 (119
1251 4093 1372 4175 postea

219 4180 300 4247 inde
315 4179 411 4245 obiit.
457 4179 503 4244 Et
513 4178 625 4243 nullus
637 4178 716 4243 inde
731 4176 979 4243 malecreditur.
1024 4177 1208 4258 Judicium,
1222 4177 1370 4240 infortu-

220 4268 325 4333 nium.
371 4267 526 4333 Precium
546 4265 620 4332 011ae
642 4265 664 4350 ij
677 4265 702 4329 s’
726 4265 775 4350 iiij
789 4265 835 4345 d',
852 4265 941 4329 unde
956 4265 1140 4331 vicecomes
1154 4264 1370 4350 respondeat.

252 4497 390 4565 ¹Pcssibly
406 4498 522 4550 Fenhmn
538 4497 566 4550 in
583 4497 621 4550 st
634 4495 767 4550 Andrsvv's
849 4491 861 4525 ²
876 4493 1001 4557 Midon,
1013 4495 1134 4561 Horslcy‚
1145 4493 1372 4559 'lritlingtomsnd

219 4565 320 4630 Parim,
331 4565 415 4619 Osstle
427 4564 516 4618 Ward.
819 4561 971 4614 Fenrothsr.
1130 4649 1155 4693 H
1179 4628 1198 4692 2
