3278 5104
279 517 343 583 154
429 535 543 584 sssrzr
566 521 665 597 aona,
688 537 1023 598 noarrrurrnrnmrn,
1047 516 1089 581 53
1111 537 1194 582 nnn.
1217 536 1271 580 111.

277 691 430 758 extendit
443 692 534 757 inter
560 690 748 776 Yleyburne
770 694 806 756 et
820 690 995 777 Maggyld’
1010 694 1046 755 et
1067 689 1242 757 abeodem
1257 689 1312 754 via
1333 687 1421 754 sicut

278 778 473 863 Yleybnrne
485 781 520 845 et
541 778 581 842 Μ
626 778 717 864 gyld'
732 778 943 844 descendunt
957 778 995 842 in
1009 777 1127 844 Ooket.
1159 777 1364 843 Habendum
1385 778 1421 840 et

279 867 461 932 tenendum
478 865 578 931 dietis
624 865 720 931 bbati
735 869 770 930 et
782 864 972 931 conventui
987 869 1148 930 eteorum
1163 862 1420 942 successoribus,

278 952 404 1018 dictam
427 974 640 1019 communem
661 957 817 1038 pastura,
832 952 946 1033 libere,
964 951 1087 1037 quiete,
1099 952 1194 1033 bene,
1211 955 1246 1018 et
1267 951 1305 1016 in
1326 969 1421 1036 pace,

279 1041 403 1125 absque
419 1041 529 1125 aliquo
544 1039 797 1125 impedimento,
809 1040 1074 1124 perturbatione,
1085 1039 1139 1104 vel
1152 1037 1420 1105 contradictione

278 1127 331 1192 sui
346 1127 399 1194 vel
412 1127 574 1192 heredum
589 1147 725 1191 suorum
740 1127 793 1192 rel
803 1126 1000 1192 ballivorum
1010 1147 1144 1193 suorum
1160 1125 1418 1213 imperpetuum.

279 1214 363 1279 Vult
391 1215 494 1280 etiam
523 1220 559 1279 et
581 1213 736 1280 concedit
765 1214 853 1298 quod
875 1213 1103 1300 cyrographus
1126 1214 1300 1280 confectus
1329 1213 1420 1276 inter

171 1311 174 1315 '
277 1302 473 1381 Robertum,
489 1301 658 1387 quondam
669 1300 837 1367 Abbatem
851 1301 940 1366 Novi
957 1300 1167 1382 Monasterii,
1179 1304 1214 1368 et
1227 1301 1251 1366 J
1252 1300 1420 1365 ohannem

279 1388 387 1453 filium
402 1389 554 1470 Roberti,
569 1393 815 1454 antecessorem
830 1410 940 1468 suum,
955 1386 998 1453 de
1020 1388 1166 1473 quadam
1186 1391 1327 1473 pastura
1347 1407 1422 1473 per·

280 1476 413 1541 tinente
442 1476 486 1540 ad
526 1476 702 1561 grangiam
733 1497 828 1540 suam
854 1476 896 1541 de
920 1475 1204 1576 Westtrpngton’1
1229 1495 1291 1561 pro
1325 1493 1361 1539 se
1386 1475 1422 1538 et

280 1563 460 1630 heredibus
486 1563 557 1629 suis
582 1563 720 1628 omnino
735 1567 887 1630 servetur
907 1562 1030 1629 illaesus
1045 1566 1304 1649 rmperpetuum,
1320 1581 1423 1645 quan·

281 1655 356 1716 tum
379 1651 422 1716 ad
444 1670 480 1716 se
509 1649 562 1716 vel
590 1650 730 1717 heredes
753 1670 830 1715 suos
859 1649 1018 1736 pertinet,
1048 1672 1110 1718 nec
1131 1650 1204 1735 ipse
1232 1648 1348 1714 Abbas
1372 1643 1425 1713 rel

282 1759 488 1804 successores
522 1737 575 1802 sui
604 1737 752 1822 aliquam
789 1759 1012 1817 communam,
1035 1739 1091 1822 jus
1119 1737 1173 1802 vel
1194 1736 1352 1803 clamium
1388 1733 1425 1797 in

280 1825 410 1890 foresta
425 1846 486 1891 sna
508 1825 549 1890 de
572 1824 725 1890 Robueh'
748 1823 968 1890 vindicabunt
991 1825 1145 1890 decetero
1167 1823 1425 1909 imperpetuum,

282 1915 378 1980 extra
407 1912 530 1978 divisas
561 1915 739 1978 contentas
768 1911 804 1975 in
830 1913 894 1977 hac
917 1915 1011 1977 cama
1033 1912 1280 1998 cyrographata
1310 1909 1362 1974 vel
1390 1909 1427 2009 in

281 1999 490 2152 pagrprp
502 1997 758 2152 {litim
766 1998 1327 2151 balatuttltlttlttl
1339 1996 1429 2149 ltu

281 2109 415 2260 pliiiiis
431 2135 626 2241 coritinetur
640 2175 678 2238 in
693 2173 827 2258 scriptis
843 2173 923 2238 inde
938 2173 1028 2240 inter
1041 2135 1100 2239 ’eos
1115 2172 1291 2239 confectis.
1314 2132 1324 2167 ⁹

345 2340 465 2420 Adam,
484 2338 598 2405 Abbas
619 2339 708 2406 Nori
731 2339 956 2422 Monasterii,'
973 2341 1130 2426 cognovit
1152 2341 1242 2427 quod
1265 2339 1431 2407 concessit

281 2430 317 2492 et
334 2426 647 2512 quietumclamavit
661 2448 722 2512 pro
738 2447 774 2492 se
789 2430 825 2493 et
840 2427 1085 2493 successoribus
1098 2429 1167 2494 suis
1179 2428 1429 2514 imperpetuum

282 2515 432 2580 Roberto
446 2513 516 2578 filio
538 2514 666 2600 Rogeri
680 2517 716 2579 et
729 2514 909 2579 heredibus
929 2513 1009 2595 suis,
1026 2517 1138 2580 totum
1150 2517 1207 2600 jus
1222 2518 1258 2581 et
1273 2515 1432 2580 clamium

282 2602 372 2687 quod
387 2600 509 2666 habuit
530 2600 583 2666 vel
597 2599 721 2667 habere
735 2601 849 2686 potuit
864 2601 901 2664 in
916 2600 1133 2669 Heriordeles
1150 2623 1212 2688 per
1226 2623 1305 2667 suas
1319 2604 1430 2666 rectas

282 2688 417 2769 divisas,
433 2688 526 2754 salva
546 2690 663 2789 tamen
684 2687 749 2774 ipsi
766 2691 801 2753 et
823 2688 1069 2789 successoribus
1089 2690 1159 2755 suis
1180 2690 1430 2775 imperpetuum

282 2796 469 2928 effi
482 2775 1430 2946 attraxit{afflatuutltttatdtl

282 2951 370 3031 dem,
386 2950 492 3015 donec
515 2955 818 3050 superannuentur,
835 2970 911 3015 cum
926 2949 1032 3014 libem
1046 2949 1204 3036 ingressu
1226 2955 1261 3017 et
1280 2972 1428 3037 egressu,

282 3037 408 3123 absque
424 3035 536 3121 aliquo
551 3037 791 3122 rmpedimento
800 3035 853 3102 vel
866 3036 1119 3122 perturbatione
1128 3037 1363 3104 diotiRoberti
1376 3038 1429 3103 vel

282 3125 444 3190 heredum
470 3145 606 3188 suorum
628 3123 681 3188 vel
710 3123 897 3208 aliquorum
923 3123 1121 3190 ballivorum
1147 3145 1284 3191 suorum
1306 3125 1427 3210 imper-

281 3215 432 3299 petuum,
443 3211 532 3276 sicut
540 3210 673 3296 plenius
683 3211 877 3277 continetur
891 3210 927 3275 in
937 3211 1072 3297 scriptis
1081 3213 1172 3278 inter
1183 3233 1239 3278 eos
1251 3212 1425 3279 confectis.

345 3373 491 3437 Thomas
517 3371 548 3438 le
574 3371 698 3436 Tossur
722 3371 764 3437 de
788 3372 1014 3438 Thokeinton’
1041 3374 1264 3441 summonitus
1288 3375 1358 3440 fuit
1381 3376 1425 3440 ad

281 3460 551 3546 respondendum
570 3458 720 3525 Roberto
734 3458 805 3523 filio
820 3459 903 3526 ulia
924 3461 965 3524 de
979 3460 1221 3548 Tolrerington'
1241 3463 1283 3529 de
1297 3463 1423 3548 placito

281 3548 371 3633 quod
392 3546 500 3611 faciat
514 3546 547 3611 ei
561 3547 821 3612 consuetudines
836 3551 871 3612 et
886 3551 979 3613 recta
1001 3549 1138 3615 servitia
1156 3571 1229 3634 qua
1250 3550 1282 3618 ei
1310 3551 1424 3616 facere

282 3635 404 3701 debeat
432 3635 474 3698 de
502 3631 608 3698 libero
643 3637 837 3700 tenemento
873 3656 945 3715 suc,
977 3635 1066 3720 quod
1098 3638 1140 3702 de
1176 3658 1217 3702 eo
1251 3641 1356 3720 tenet,
1387 3638 1424 3703 in

282 3720 548 3806 Tokerington',³
563 3724 626 3787 etc.
670 3721 716 3785 ut
731 3721 877 3787 Thomas
897 3721 1041 3788 renitet
1060 3724 1253 3790 concordati
1269 3729 1350 3790 sunt
1363 3747 1424 3812 per

280 3807 465 3887 licentiam,
489 3810 524 3874 et
546 3807 691 3873 Thomas
714 3809 774 3872 dat
796 3806 971 3873 dimidiam
981 3811 1024 3873 m'
1047 3832 1107 3895 pro
1129 3812 1268 3878 licentia
1290 3833 1425 3878 concor·

281 3895 397 3962 dandi.
441 3894 487 3958 Et
502 3898 555 3959 est
569 3895 748 3961 concordia
761 3895 841 3960 talis
857 3897 946 3980 quod
959 3896 1018 3961 ubi
1032 3899 1212 3983 pradictus
1227 3900 1312 3981 Rex,
1323 3903 1387 3966 etc.

347 4068 461 4152 Agnes
487 4065 559 4130 fflia
587 4065 730 4132 Roberti
758 4067 800 4132 de
829 4065 953 4133 Balson
988 4069 1077 4154 [dat]
1112 4070 1286 4136 dimidiam
1294 4072 1338 4135 m’
1364 4092 1425 4156 pro

282 4154 423 4222 licentia
444 4153 669 4219 concordandi
687 4175 763 4220 cum
782 4154 858 4219 Ada
880 4155 921 4220 de
943 4155 1096 4241 Trowyk,
1112 4158 1153 4223 de
1167 4157 1293 4244 placito
1314 4164 1423 4240 terrae,

283 4246 319 4311 et
334 4242 482 4306 habeant
497 4242 743 4327 cyrographum
757 4263 817 4328 per
830 4241 980 4328 plegium
995 4244 1146 4329 praedicti
1160 4246 1251 4312 Adae.

315 4415 827 4483 ¹SeeNeuminrtorOhartulary,p.10.
911 4415 1147 4487 ⁸Throclrrington
1163 4420 1191 4472 in
1214 4419 1320 4475 Tindale
1336 4419 1427 4487 ward,

314 4481 522 4551 ²1au.,p.1sa
878 4483 1018 4540 unna.
