3280 5112
378 507 493 554 ussus
516 509 614 571 noun,
637 510 976 569 conmmeatum),
998 493 1042 557 40
1065 513 1148 559 nur.
1177 513 1233 559 111.
1345 491 1386 557 69

230 659 349 748 [unde]
369 662 554 730 vicecomes
569 664 782 749 respondeat.
837 666 883 732 Et
897 666 987 752 xija'm
1001 666 1173 752 juratores
1192 666 1280 732 falso
1303 688 1386 754 prte-

226 750 366 814 seutaut
380 749 606 832 inventorem,
621 750 699 818 ideo
714 752 750 816 iu
766 753 854 819 mis'.

290 886 468 954 Juratores
499 893 710 975 praesentant
764 890 832 957 uod
861 889 1029 957 Ricardus
1051 889 1142 955 filius
1166 889 1317 957 Galfridi
1339 890 1382 956 de

225 971 392 1075 Allemue,
423 977 577 1062 Rogems
607 977 649 1043 de
675 913 919 1064 Goliingham,
943 982 978 1044 et
1004 977 1160 1063 Rogerus
1187 977 1276 1042 filius
1302 977 1384 1043 Gal·

224 1060 309 1127 fudi
344 1063 487 1129 fuerunt
519 1065 557 1128 in
588 1065 733 1149 quodam
764 1065 902 1147 batello,
932 1065 969 1128 in
1005 1067 1109 1149 portu
1142 1064 1184 1129 de
1216 1063 1380 1146 Allemue,

225 1152 366 1216 onerato
402 1153 511 1236 petra,
544 1151 596 1216 ita
632 1152 722 1237 quod
758 1173 892 1218 caream
928 1152 1022 1217 illius
1058 1154 1164 1238 petra
1197 1151 1381 1217 submersit

224 1236 405 1319 pradictus
421 1237 567 1304 batellus
582 1239 664 1323 (etc).
711 1239 758 1304 Et
771 1239 924 1325 praedicti
940 1239 1107 1305 Ricardus
1122 1241 1158 1304 et
1172 1237 1328 1390 Eoffirus
1340 1240 1381 1304 de

224 1321 455 1410 Goldingham
471 1323 630 1391 similiter
644 1326 923 1393 submerserunt.¹
967 1326 1014 1390 lllt
1028 1324 1209 1426 praedictus
1279 1346 1381 1410 gerus

224 1409 312 1476 filius
328 1411 477 1478 Galfridi
491 1411 550 1478 vix
563 1413 681 1478 evasit.
727 1413 774 1478 llt
795 1412 925 1499 primus
948 1433 1006 1479 eos
1028 1413 1161 1478 invenit
1176 1412 1380 1494 submersos,

225 1497 283 1582 qui
296 1497 392 1564 veuit
407 1503 442 1566 et
462 1521 532 1566 non
556 1499 805 1580 malecreditur,
822 1522 884 1568 nec
907 1500 1030 1585 aliquis
1046 1499 1145 1566 alius.
1191 1499 1377 1580 iudicium,

223 1584 464 1652 infortunium.
518 1587 675 1652 Precium
698 1587 817 1653 batelli
847 1587 897 1674 iiij
914 1590 952 1672 ε’,
973 1586 1127 1690 precium
1152 1589 1258 1671 patrm
1284 1587 1378 1671 vjcl’,

222 1672 314 1738 uude
328 1673 513 1740 vicecomes
530 1674 744 1759 respoudeat.
791 1675 838 1739 Et
861 1674 953 1761 xi]⁸0im
967 1678 1140 1760 juratores
1163 1694 1233 1738 non
1258 1695 1379 1760 appre-

223 1761 400 1827 ciaverunt
414 1760 589 1842 batessnm,
605 1762 682 1826 ideo
697 1761 735 1826 in
748 1761 838 1828 mis'.

286 1898 309 1963 J
310 1902 464 1964 uratores
479 1903 689 1984 praesentant
705 1901 795 1986 quod
811 1900 964 1985 quaedam
979 1899 1086 1979 navis,
1100 1898 1135 1962 in
1154 1919 1220 1983 qua
1235 1897 1378 1962 fuerunt

220 1985 301 2070 xxvj
333 1986 499 2068 homines,
521 2009 590 2072 pree
622 1990 827 2074 tempestate
862 1986 900 2050 in
934 1987 1021 2051 mari
1058 1985 1239 2065 existente,
1270 1985 1378 2050 voluit

221 2093 341 2157 capere
371 2079 507 2159 portum
545 2074 587 2140 de
617 2075 794 2156 Aluemue,
826 2096 888 2141 nec
925 2073 1052 2159 potuit,
1082 2074 1135 2138 ita
1166 2072 1257 2156 quod
1285 2071 1377 2157 xij⁰¹¹¹¹

219 2160 374 2227 homines
397 2163 439 2228 de
462 2163 598 2244 eisdem,
614 2183 676 2248 per
696 2164 947 2247 tempestatem,
964 2160 1159 2228 cecideruut
1181 2159 1223 2222 de
1245 2157 1325 2224 navi
1339 2158 1374 2222 et

218 2247 485 2330 submerserunt,
515 2255 550 2316 et
587 2271 703 2315 omnes
738 2248 799 2314 alii
836 2252 1025 2315 evaserunt.
1094 2246 1254 2326 Mariota,
1288 2265 1374 2310 uxor

217 2334 240 2399 J
240 2335 371 2417 ordeni,
386 2339 421 2402 et
436 2338 588 2423 Angues,
604 2359 689 2403 uxor
703 2335 861 2416 Gilberti,
871 2334 987 2420 primu
1002 2334 1219 2413 inventrices,
1231 2333 1375 2397 veniunt

215 2427 250 2488 et
273 2445 342 2488 non
364 2424 649 2504 malcoreduntnr,
675 2444 739 2490 uec
764 2421 887 2507 aliquis
913 2422 1012 2486 alius.
1057 2419 1242 2501 Judioium,
1267 2418 1375 2483 infor·

213 2510 362 2577 tunium.
407 2511 564 2578 Preoium
579 2511 676 2577 navis
691 2510 727 2575 xl
736 2510 774 2591 ε’,
789 2510 880 2576 unde
895 2510 1078 2576 vicecomes
1093 2507 1307 2594 respondeat.

276 2647 329 2714 De
351 2647 440 2714 vinis
461 2647 610 2714 venditis
635 2651 757 2715 contra
777 2646 932 2725 assisam,
948 2645 1069 2710 dicunt
1093 2643 1183 2730 quod
1205 2642 1372 2707 Ricardus

211 2733 254 2799 de
280 2737 463 2822 Bamburg'
493 2740 528 2802 et
553 2736 729 2801 Walterus
760 2733 861 2800 Stute
887 2733 929 2801 de
955 2732 1121 2798 Alnemue
1146 2729 1373 2797 vendiderunt

209 2821 327 2888 vinum
341 2826 460 2889 contra
475 2823 628 2905 assisam,
644 2823 722 2888 ideo
736 2821 773 2886 in
788 2821 875 2887 mis’.
964 2891 974 2908 ,

275 2961 327 3030 De
342 2967 463 3028 werc0¹
478 2963 592 3044 maris,
607 2962 728 3029 dicunt
751 2960 842 3047 quod
863 2957 1017 3045 quadam
1040 2957 1131 3024 cista
1145 2955 1288 3022 inventa
1301 2953 1372 3020 fuit

209 3068 311 3134 super
332 3055 461 3116 costam
483 3051 587 3116 meris
608 3049 651 3115 de
666 3049 843 3126 Aluemne,
858 3047 896 3112 iu
922 3067 989 3131 qua
1014 3043 1278 3111 inveniebantur
1300 3043 1368 3108 duo

208 3135 316 3222 gladii
330 3142 366 3203 et
382 3137 536 3223 quasdam
550 3136 648 3224 pecia
661 3136 778 3223 panni.
823 3134 981 3200 Precium
997 3131 1105 3219 panni
1120 3135 1156 3197 et
1176 3129 1370 3217 gladiorum

209 3223 233 3308 ij
244 3224 300 3304 m',
316 3224 407 3290 unde
422 3224 606 3291 vicecomes
621 3223 837 3310 respoudeat.
1121 3217 1126 3235 '

273 3363 444 3430 Robertus
473 3363 516 3430 de
540 3363 701 3430 Weluore
730 3361 856 3427 levavit
879 3357 1054 3426 hutesium
1078 3375 1180 3440 super
1203 3353 1368 3455 quosdam

209 3449 347 3518 Hutard
372 3451 414 3519 de
435 3450 602 3518 Alnemue
624 3455 659 3516 et
685 3447 915 3535 Reginaldum
929 3445 971 3512 de
997 3442 1366 3540 Butlesttoue,et·1m·

208 3539 323 3622 posuit
349 3538 398 3603 eis
421 3538 512 3622 quod
533 3539 738 3624 frangerunt
761 3534 942 3622 grangiam
965 3553 1072 3597 suam·
1118 3529 1164 3630 lit
1186 3528 1368 3613 praedrctus

206 3624 378 3690 Robertus
400 3625 501 3691 modo
516 3625 620 3706 venit,
637 3627 673 3692 et
693 3623 880 3709 requisitus
903 3619 933 3685 si
947 3617 1031 3685 velit
1052 3637 1148 3701 seqm
1163 3635 1364 3695 varensem,

207 3711 292 3777 dicit
308 3712 397 3797 quod
412 3734 493 3793 non,
510 3712 590 3797 quia
604 3712 690 3778 dicit
706 3710 794 3796 quod
810 3730 881 3775 nou
893 3704 1091 3771 malcoredit
1106 3723 1174 3783 eos,
1189 3702 1268 3767 ideo
1288 3723 1365 3767 ous-

207 3799 362 3864 todiatur
375 3820 436 3885 pro
451 3799 732 3885 transgressione.
770 3799 818 3862 Et
832 3797 1002 3882 juratores
1018 3789 1173 3875 requisiti
1190 3789 1219 3854 si
1234 3789 1366 3854 tuerint

205 3885 285 3953 iude
300 3886 494 3972 culpabiles,
511 3886 632 3952 dicunt
647 3887 737 3971 quod
752 3906 831 3949 nou.
877 3880 961 3946 Ideo
977 3878 1057 3943 inde
1074 3875 1191 3961 quieti.
1239 3875 1364 3942 Postea

204 3975 300 4040 venit
313 3974 493 4059 praedictus
516 3974 687 4039 Robertus
710 3976 745 4037 et
769 3972 873 4036 finem
894 3965 979 4034 fecit
992 3985 1055 4051 pro
1069 3963 1212 4030 dimidia
1219 3962 1278 4043 m’,
1303 3983 1365 4048 per

162 4101 167 4112 ι
205 4059 358 4146 plegium
372 4060 541 4126 Willelmi
556 4061 598 4126 de
616 4059 801 4126 Welloure.

271 4198 294 4263 J
298 4201 447 4264 uratores
470 4200 681 4282 prasentant
704 4195 794 4282 quod
817 4197 968 4279 Angues,
988 4210 1075 4255 uxor
1100 4184 1259 4251 Nicholai
1285 4184 1366 4249 Oar-

203 4287 348 4370 pentar',
364 4284 566 4353 ebbuliendo
587 4286 728 4373 plenum
750 4283 927 4368 plumbum
953 4279 994 4346 de
1019 4274 1161 4355 bertisa,
1178 4271 1303 4338 cecidit
1326 4273 1363 4337 iu

239 4449 249 4485 ¹
266 4452 317 4506 Sic.
350 4451 680 4521 malampnum
809 4435 1365 4503 ’Sioforarsocommeokofthesca
