3272 5092
396 531 508 578 isarae
532 534 628 594 nonu,
652 533 989 592 uonrununnnninu,
1015 515 1033 580 7
1057 533 1143 580 now.
1167 536 1191 580 1.
1295 515 1357 578 263

213 683 332 750 Sancti
347 685 486 751 Hillarii
510 688 544 752 iu
565 687 757 773 quindecim
778 687 861 770 dies,
886 686 938 754 ita
955 687 1045 774 quod
1064 691 1269 775 pracceptum
1288 685 1358 752 fuit

213 770 402 837 vicecomiti
417 776 506 860 quod
531 776 791 841 resnmmouiret
811 797 887 842 eum
902 778 992 861 quod
1014 779 1103 842 esset
1126 776 1183 842 hic
1206 775 1357 840 adhunc

211 857 312 940 diem,
329 859 467 941 scilicet,
489 862 543 928 die
566 863 747 928 Dominica
771 863 924 947 proxima
943 869 1022 949 post
1045 863 1174 929 festum
1195 862 1356 926 Purifica-

210 945 316 1011 tiouis
330 947 444 1013 Βθαὲω
459 949 587 1014 Mariae.
632 951 679 1014 ut
693 951 765 1035 ipse
777 972 846 1016 nou
862 951 965 1017 veuit.
1002 952 1048 1016 nt
1063 950 1356 1030 resummouiatur,
1413 999 1420 1016 .

211 1037 275 1098 etc.
320 1035 505 1116 Jndicium,
518 1037 673 1121 capiatur
683 1036 791 1102 assisa
802 1058 917 1102 versus
933 1059 1008 1103 eum
1025 1057 1086 1123 per
1100 1036 1275 1114 deialtam,
1291 1040 1373 1102 eta'

211 1119 258 1184 Et
273 1120 389 1186 Simon
405 1123 530 1208 Pylche
545 1129 581 1188 et
598 1123 792 1189 Alexander
811 1124 853 1189 de
875 1125 1014 1210 Hopyn‚
1031 1125 1272 1210 recognitores,
1287 1144 1356 1189 nou

211 1209 365 1287 veniunt,
389 1210 467 1277 ideo
490 1211 556 1296 ipsi
579 1209 616 1274 iu
642 1211 728 1277 mis'.
775 1213 950 1278 Jnratores
974 1212 1095 1278 dicunt
1121 1231 1222 1297 super
1245 1231 1355 1276 sacra·

211 1299 363 1360 mentum
383 1318 482 1362 suum
499 1297 590 1382 quod
613 1298 774 1383 predicta
797 1299 936 1380 Editha,
958 1300 999 1364 de
1021 1299 1120 1383 cujus
1138 1303 1257 1378 morte,
1278 1303 1356 1379 otc,

210 1381 298 1446 obiit
312 1383 430 1449 seisita
445 1385 485 1451 de
532 1385 668 1451 raedicta
690 1391 783 1450 terra
796 1387 833 1449 in
857 1386 1025 1452 dominico
1041 1405 1102 1450 suo
1126 1389 1166 1449 ut
1188 1385 1230 1451 de
1245 1384 1355 1465 feodo,

210 1468 264 1533 dis
280 1490 357 1553 quo,
373 1477 438 1537 etc.
484 1407 566 1537 Ideo
590 1473 839 1540 consideratum
857 1473 1015 1558 estquod
1034 1472 1215 1558 praedictus
1230 1472 1356 1536 Petrus

210 1561 384 1642 recuperet
415 1559 573 1624 saisinam
603 1581 699 1625 suam
725 1581 839 1626 versus
869 1561 1068 1645 pradictum
1092 1559 1296 1640 Ricardum
1320 1563 1356 1624 εὴ

209 1644 391 1728 pradictus
414 1645 582 1712 Ricardus
606 1647 732 1713 habeat
758 1649 799 1713 de
825 1651 917 1713 terra
930 1647 1099 1734 praedicta
1121 1645 1285 1711 Diouisiae
1311 1645 1355 1710 ad

210 1729 412 1814 valentiam
429 1735 464 1798 et
478 1734 639 1819 praedicta
654 1733 944 1800 Diouisiahabeat
954 1734 994 1801 de
1005 1738 1097 1800 tona
1110 1733 1263 1820 praedicti
1273 1732 1356 1798 Adae

209 1818 253 1882 ad
266 1818 458 1902 valentiam,
475 1823 549 1901 eto,
566 1825 601 1886 et
615 1821 724 1886 Adam
740 1820 776 1886 iu
792 1821 877 1886 mis'.

274 1959 393 2024 Assisa
406 1960 501 2025 veuit
515 1959 732 2046 recognitura
746 1960 776 2026 si
786 1961 905 2027 Frater
919 1960 1073 2046 Rogerus
1089 1959 1216 2040 Bande,
1229 1946 1355 2023 Henri-

210 2067 268 2110 ous
298 2045 452 2127 Ooruale,
483 2051 518 2114 et
546 2047 674 2132 Agnes,
705 2047 775 2112 filia
804 2047 972 2112 Johannis
1008 2047 1069 2111 filii
1099 2045 1284 2112 Alexandri
1314 2046 1355 2110 de

207 2132 337 2219 Edelyn
362 2133 452 2214 ham,
491 2134 631 2220 injuste,
669 2138 745 2215 etc,
779 2134 1033 2200 dissaisireruut
1070 2133 1218 2198 Alauum
1247 2133 1355 2197 filium

208 2156 394 2284 Alexandri
432 2221 474 2286 de
503 2220 738 2308 Edelyngham
775 2223 816 2286 de
845 2221 952 2287 libero
992 2223 1187 2286 tenemento
1226 2241 1287 2285 suo
1317 2219 1353 2283 iu

209 2307 456 2393 Edelyngham‚
485 2314 564 2394 post
592 2308 747 2394 primam,
778 2314 841 2374 etc.
887 2309 933 2373 Et
962 2309 1051 2376 nude
1080 2308 1236 2394 queritur
1265 2307 1354 2391 quod

209 2393 464 2461 dissaisiveruut
489 2417 566 2462 eum
590 2397 631 2464 de
653 2396 783 2462 duobus
811 2417 943 2461 massua
970 2395 1010 2460 'is
1036 2399 1072 2462 et
1096 2395 1243 2480 quinque
1267 2393 1354 2459 acris

209 2485 306 2548 terra
321 2504 397 2548 oum
412 2483 641 2568 pertinentiis,
658 2489 721 2548 etc.
757 2483 932 2548 Etffiater
1000 2503 1110 2568 gerus,
1126 2482 1355 2561 Henrious,et

208 2569 349 2654 Angues
364 2591 433 2634 nou
448 2569 597 2636 veniunt.
643 2570 690 2634 Et
704 2569 844 2652 Angues
858 2570 928 2636 fuit
944 2569 1135 2635 attachiata
1148 2591 1209 2654 per
1223 2567 1354 2633 Willsl-

210 2677 302 2720 mum
316 2656 492 2724 Bruuberd
507 2660 542 2722 et
553 2656 741 2724 Henrioum
754 2659 794 2723 de
810 2656 1001 2741 Ootuesop'.
1040 2657 1121 2722 Ideo
1136 2656 1203 2742 ipsi
1218 2655 1254 2719 iu
1267 2655 1354 2735 mis’,

210 2746 273 2808 ete.
319 2743 366 2808 Et
390 2743 542 2830 Rogerus
567 2748 603 2810 et
626 2743 795 2810 Henrious
811 2765 880 2809 non
897 2744 1038 2809 fuerunt
1061 2743 1254 2823 attachiati,
1274 2743 1355 2827 quia

210 2851 278 2894 uon
300 2829 441 2896 fuerunt
466 2831 608 2898 inventi.
663 2832 745 2898 Ideo
767 2831 922 2916 capiatur
944 2830 1050 2896 assisa
1072 2851 1188 2896 versus
1212 2851 1269 2895 eos
1295 2852 1355 2914 per

209 2916 384 2997 defaltum,
405 2922 468 2983 etc.
513 2918 689 2984 Juratores
716 2919 836 2986 dicunt
861 2939 961 3003 super
984 2921 1234 2985 sacramentum
1255 2937 1354 2981 suuni

209 3005 297 3088 quod
322 3026 436 3072 revera
459 3005 640 3090 pradictus
664 3005 867 3086 Alexander,
890 3006 985 3089 cujus
1009 3008 1241 3071 tenementum
1261 3003 1354 3069 istud

209 3090 288 3169 fuit,
303 3091 460 3157 ieoffavit
474 3091 554 3158 inde
568 3092 767 3178 praedictum
777 3092 936 3173 Alauum,
954 3091 1011 3176 qui
1019 3113 1081 3178 per
1094 3091 1352 3157 ieoffameutum

209 3177 294 3242 illud
308 3178 377 3242 fuit
392 3179 472 3244 iude
493 3180 528 3242 iu
546 3180 635 3245 bona
650 3180 773 3246 seisina
796 3199 969 3265 quousque
990 3178 1171 3264 pradictus
1187 3178 1353 3262 Rogerus,

208 3265 317 3330 irater
336 3264 527 3351 Hospitalis
550 3267 668 3332 Sancti
689 3267 859 3332 Johauuis
881 3264 1098 3351 Jerosolymae
1118 3265 1155 3328 in
1175 3263 1303 3350 Anglia
1318 3269 1353 3328 et

207 3352 387 3437 praedictus
403 3351 571 3418 Henrious
581 3353 724 3419 Ooruale
734 3353 844 3439 ipsum
857 3353 935 3417 inde
950 3352 1076 3439 injuste
1088 3351 1354 3431 dissaisiveruut,

208 3439 298 3504 sicut
317 3439 416 3504 breve
436 3439 530 3504 dicit.
580 3439 732 3522 Quaesiti,
749 3462 822 3525 quse
846 3441 994 3525 dampna
1018 3439 1198 3525 pradictus
1223 3438 1353 3503 Alanus

209 3525 376 3591 sustinuit
404 3529 579 3592 occasione
618 3527 788 3628 praedictsa
825 3527 1038 3592 disseisinaei)
1105 3526 1234 3591 Dicunt
1263 3525 1354 3610 quod

208 3613 392 3699 dampnum
415 3615 671 3698 quatuordecim
693 3616 729 3681 s’.
775 3614 918 3696 Quaesiti
941 3613 1055 3695 etiam,
1079 3612 1154 3698 quis
1184 3612 1275 3698 cepit
1297 3634 1353 3677 ex·

207 3700 312 3786 pletia
326 3700 479 3786 praedicti
494 3702 708 3767 tenementi‘l
745 3702 875 3768 Dicunt
891 3701 981 3786 quod
991 3701 1173 3786 praedictus
1189 3699 1353 3786 Rogerus.

208 3787 350 3869 Quoesiti
379 3788 494 3870 etiam,
524 3788 554 3852 si
582 3788 744 3875 pradicta
774 3788 922 3875 expletia
951 3787 1042 3874 oepit
1071 3789 1115 3852 ad
1149 3809 1234 3872 opus
1255 3808 1354 3852 suum

207 3875 380 3960 proprium
395 3897 439 3940 au
456 3876 498 3941 ad
510 3897 594 3960 opus
604 3875 821 3962 Hospitalis?
858 3877 986 3942 Dicunt
1001 3875 1091 3961 quod
1101 3875 1143 3940 ad
1159 3895 1242 3960 opus
1254 3895 1353 3939 suum

207 3962 390 4048 proprium.
435 3962 517 4030 Ideo
540 3963 792 4028 consideratum
817 3967 870 4029 est
893 3963 983 4048 quod
1011 3961 1192 4049 pradictus
1221 3959 1352 4026 Alanus

207 4053 381 4134 recuperet
395 4049 475 4115 iude
490 4049 649 4115 seisiuam
673 4071 769 4116 suam
789 4071 848 4136 per
866 4051 977 4116 visum
995 4049 1259 4135 recognitorum.
1304 4049 1350 4113 Et

206 4136 359 4222 praedioti
375 4137 542 4204 Henrious
558 4142 593 4203 et
609 4138 762 4224 Rogems
784 4137 820 4201 iu
836 4138 923 4219 mis',
944 4141 980 4203 et
995 4136 1152 4202 similiter
1165 4136 1346 4221 praedictus

206 4223 335 4289 Alanus
344 4223 381 4288 iu
397 4224 472 4290 mis’
484 4245 545 4310 pro
553 4224 641 4292 falso
654 4225 798 4290 clamore
809 4246 924 4291 versus
933 4225 1129 4311 praedictam
1140 4223 1346 4308 Angustam,

205 4315 270 4378 eto.

271 4398 428 4484 Dampua
442 4398 516 4486 xiiij
526 4399 564 4465 ε’.
608 4400 662 4464 Ad
677 4399 844 4485 judicium
859 4400 901 4466 de
915 4397 1085 4485 dampnis.

271 4529 441 4598 Robertus
464 4530 505 4596 de
530 4529 649 4596 Insula
672 4530 897 4597 summonitus
920 4529 990 4596 fuit
1010 4530 1053 4594 ad
1079 4526 1348 4614 respondendum
