<?xml version="1.0" encoding="UTF-8"?>
<!DOCTYPE html PUBLIC "-//W3C//DTD XHTML 1.0 Transitional//EN"
    "http://www.w3.org/TR/xhtml1/DTD/xhtml1-transitional.dtd">
<html xmlns="http://www.w3.org/1999/xhtml" xml:lang="en" lang="en">
 <head>
  <title>
</title>
<meta http-equiv="Content-Type" content="text/html;charset=utf-8" />
  <meta name='ocr-system' content='tesseract 3.04.00' />
  <meta name='ocr-capabilities' content='ocr_page ocr_carea ocr_par ocr_line ocrx_word'/>
</head>
<body>
  <div class='ocr_page' id='page_1' title='image "./threeearlyassiz01pagegoog_0296.png"; bbox 0 0 3272 5092; ppageno 0'>
   <div class='ocr_carea' id='block_1_1' title="bbox 261 438 1231 523">
    <p class='ocr_par' dir='ltr' id='par_1_1' title="bbox 261 438 1231 523">
     <span class='ocr_line' id='line_1_1' title="bbox 261 438 1231 523; baseline -0.003 -15"><span class='ocrx_word' id='word_1_1' title='bbox 261 445 325 508; x_wconf 78' lang='lat'>264</span> <span class='ocrx_word' id='word_1_2' title='bbox 432 462 546 508; x_wconf 74' lang='lat' dir='ltr'>lssmu</span> <span class='ocrx_word' id='word_1_3' title='bbox 569 462 668 523; x_wconf 75' lang='lat' dir='ltr'>noun,</span> <span class='ocrx_word' id='word_1_4' title='bbox 692 461 1029 522; x_wconf 77' lang='lat' dir='ltr'>nournuuanuuuua,</span> <span class='ocrx_word' id='word_1_5' title='bbox 1054 438 1072 505; x_wconf 84' lang='grc'><strong>7</strong></span> <span class='ocrx_word' id='word_1_6' title='bbox 1096 459 1183 506; x_wconf 82' lang='lat' dir='ltr'>now.</span> <span class='ocrx_word' id='word_1_7' title='bbox 1207 461 1231 505; x_wconf 94' lang='lat'>1.</span> 
     </span>
    </p>
   </div>
   <div class='ocr_carea' id='block_1_2' title="bbox 181 614 1416 1568">
    <p class='ocr_par' dir='ltr' id='par_1_2' title="bbox 261 614 1415 1225">
     <span class='ocr_line' id='line_1_2' title="bbox 263 614 1411 701; baseline -0.003 -19"><span class='ocrx_word' id='word_1_8' title='bbox 263 615 434 684; x_wconf 91' lang='lat' dir='ltr'>Willelmo</span> <span class='ocrx_word' id='word_1_9' title='bbox 457 617 500 682; x_wconf 90' lang='lat' dir='ltr'>de</span> <span class='ocrx_word' id='word_1_10' title='bbox 524 616 726 682; x_wconf 88' lang='lat' dir='ltr'>Middeltou&#39;</span> <span class='ocrx_word' id='word_1_11' title='bbox 751 616 793 682; x_wconf 92' lang='lat' dir='ltr'>de</span> <span class='ocrx_word' id='word_1_12' title='bbox 816 615 942 701; x_wconf 88' lang='lat' dir='ltr'>placito</span> <span class='ocrx_word' id='word_1_13' title='bbox 966 615 1056 701; x_wconf 91' lang='lat' dir='ltr'>quod</span> <span class='ocrx_word' id='word_1_14' title='bbox 1076 617 1195 680; x_wconf 79' lang='lat' dir='ltr'>teneat</span> <span class='ocrx_word' id='word_1_15' title='bbox 1210 614 1242 680; x_wconf 92' lang='lat' dir='ltr'>ei</span> <span class='ocrx_word' id='word_1_16' title='bbox 1266 635 1411 680; x_wconf 83' lang='lat' dir='ltr'>conven-</span> 
     </span>
     <span class='ocr_line' id='line_1_3' title="bbox 261 701 1412 783; baseline -0.004 -14"><span class='ocrx_word' id='word_1_17' title='bbox 261 705 390 770; x_wconf 78' lang='lat' dir='ltr'>tionem</span> <span class='ocrx_word' id='word_1_18' title='bbox 417 706 589 769; x_wconf 88' lang='lat' dir='ltr'>intereos</span> <span class='ocrx_word' id='word_1_19' title='bbox 616 705 758 783; x_wconf 86' lang='lat' dir='ltr'>factam,</span> <span class='ocrx_word' id='word_1_20' title='bbox 783 704 825 768; x_wconf 91' lang='lat' dir='ltr'>de</span> <span class='ocrx_word' id='word_1_21' title='bbox 851 703 1002 767; x_wconf 88' lang='lat' dir='ltr'>manerio</span> <span class='ocrx_word' id='word_1_22' title='bbox 1027 704 1069 767; x_wconf 87' lang='lat' dir='ltr'>de</span> <span class='ocrx_word' id='word_1_23' title='bbox 1088 703 1239 783; x_wconf 85' lang='lat' dir='ltr'>Fenwilr,</span> <span class='ocrx_word' id='word_1_24' title='bbox 1262 707 1326 768; x_wconf 90' lang='lat' dir='ltr'>etc.</span> <span class='ocrx_word' id='word_1_25' title='bbox 1365 701 1412 765; x_wconf 77' lang='lat' dir='ltr'>nc</span> 
     </span>
     <span class='ocr_line' id='line_1_4' title="bbox 261 790 1412 875; baseline -0.003 -19"><span class='ocrx_word' id='word_1_26' title='bbox 261 793 429 858; x_wconf 86' lang='lat' dir='ltr'>Robertus</span> <span class='ocrx_word' id='word_1_27' title='bbox 441 791 535 856; x_wconf 85' lang='lat' dir='ltr'>venit</span> <span class='ocrx_word' id='word_1_28' title='bbox 551 796 586 856; x_wconf 92' lang='lat' dir='ltr'>et</span> <span class='ocrx_word' id='word_1_29' title='bbox 598 790 792 856; x_wconf 88' lang='lat' dir='ltr'>concordati</span> <span class='ocrx_word' id='word_1_30' title='bbox 808 794 888 855; x_wconf 88' lang='lat' dir='ltr'>sunt</span> <span class='ocrx_word' id='word_1_31' title='bbox 899 813 959 875; x_wconf 89' lang='lat' dir='ltr'>per</span> <span class='ocrx_word' id='word_1_32' title='bbox 967 790 1153 855; x_wconf 88' lang='lat' dir='ltr'>licentiam.</span> <span class='ocrx_word' id='word_1_33' title='bbox 1185 791 1230 854; x_wconf 83' lang='lat' dir='ltr'>Et</span> <span class='ocrx_word' id='word_1_34' title='bbox 1241 790 1412 856; x_wconf 83' lang='lat' dir='ltr'>Robertus</span> 
     </span>
     <span class='ocr_line' id='line_1_5' title="bbox 264 875 1414 964; baseline -0.006 -20"><span class='ocrx_word' id='word_1_35' title='bbox 264 881 325 944; x_wconf 87' lang='lat' dir='ltr'>dat</span> <span class='ocrx_word' id='word_1_36' title='bbox 340 879 515 943; x_wconf 82' lang='lat' dir='ltr'><strong>dimidiam</strong></span> <span class='ocrx_word' id='word_1_37' title='bbox 530 879 574 943; x_wconf 83' lang='lat' dir='ltr'>m&#39;</span> <span class='ocrx_word' id='word_1_38' title='bbox 588 900 650 964; x_wconf 94' lang='lat' dir='ltr'>pro</span> <span class='ocrx_word' id='word_1_39' title='bbox 661 878 799 943; x_wconf 88' lang='lat' dir='ltr'>licentia</span> <span class='ocrx_word' id='word_1_40' title='bbox 814 877 1050 942; x_wconf 89' lang='lat' dir='ltr'>concordandi.</span> <span class='ocrx_word' id='word_1_41' title='bbox 1096 878 1142 940; x_wconf 80' lang='lat' dir='ltr'>Idt</span> <span class='ocrx_word' id='word_1_42' title='bbox 1162 881 1215 941; x_wconf 86' lang='lat' dir='ltr'>est</span> <span class='ocrx_word' id='word_1_43' title='bbox 1234 875 1414 942; x_wconf 88' lang='lat' dir='ltr'>concordia</span> 
     </span>
     <span class='ocr_line' id='line_1_6' title="bbox 264 963 1414 1051; baseline -0.004 -19"><span class='ocrx_word' id='word_1_44' title='bbox 264 965 343 1032; x_wconf 85' lang='lat' dir='ltr'>tulis</span> <span class='ocrx_word' id='word_1_45' title='bbox 358 966 447 1051; x_wconf 91' lang='lat' dir='ltr'>quod</span> <span class='ocrx_word' id='word_1_46' title='bbox 463 967 644 1050; x_wconf 88' lang='lat' dir='ltr'>praedictus</span> <span class='ocrx_word' id='word_1_47' title='bbox 656 965 847 1032; x_wconf 87' lang='lat' dir='ltr'>Willelmus</span> <span class='ocrx_word' id='word_1_48' title='bbox 862 963 994 1029; x_wconf 88' lang='lat' dir='ltr'>remisit</span> <span class='ocrx_word' id='word_1_49' title='bbox 1003 971 1038 1028; x_wconf 90' lang='lat' dir='ltr'>et</span> <span class='ocrx_word' id='word_1_50' title='bbox 1050 964 1361 1048; x_wconf 89' lang='lat' dir='ltr'>quietumclamavit</span> <span class='ocrx_word' id='word_1_51' title='bbox 1372 964 1414 1027; x_wconf 89' lang='lat' dir='ltr'>de</span> 
     </span>
     <span class='ocr_line' id='line_1_7' title="bbox 267 1050 1414 1138; baseline -0.003 -20"><span class='ocrx_word' id='word_1_52' title='bbox 267 1075 302 1118; x_wconf 90' lang='lat' dir='ltr'>se</span> <span class='ocrx_word' id='word_1_53' title='bbox 317 1058 352 1120; x_wconf 93' lang='lat' dir='ltr'>et</span> <span class='ocrx_word' id='word_1_54' title='bbox 368 1054 547 1120; x_wconf 81' lang='lat' dir='ltr'><strong>heredibus</strong></span> <span class='ocrx_word' id='word_1_55' title='bbox 561 1054 631 1117; x_wconf 89' lang='lat' dir='ltr'>suis</span> <span class='ocrx_word' id='word_1_56' title='bbox 647 1053 809 1138; x_wconf 73' lang='lat' dir='ltr'>praedicto</span> <span class='ocrx_word' id='word_1_57' title='bbox 831 1052 977 1117; x_wconf 84' lang='lat' dir='ltr'>Roberto</span> <span class='ocrx_word' id='word_1_58' title='bbox 992 1054 1105 1116; x_wconf 84' lang='lat' dir='ltr'>totum</span> <span class='ocrx_word' id='word_1_59' title='bbox 1121 1052 1177 1137; x_wconf 89' lang='lat' dir='ltr'>jus</span> <span class='ocrx_word' id='word_1_60' title='bbox 1198 1057 1233 1118; x_wconf 88' lang='lat' dir='ltr'>et</span> <span class='ocrx_word' id='word_1_61' title='bbox 1248 1050 1414 1118; x_wconf 87' lang='lat' dir='ltr'>clameum</span> 
     </span>
     <span class='ocr_line' id='line_1_8' title="bbox 266 1139 1415 1225; baseline -0.003 -21"><span class='ocrx_word' id='word_1_62' title='bbox 266 1143 356 1225; x_wconf 89' lang='lat' dir='ltr'>quod</span> <span class='ocrx_word' id='word_1_63' title='bbox 371 1140 492 1205; x_wconf 89' lang='lat' dir='ltr'>habuit</span> <span class='ocrx_word' id='word_1_64' title='bbox 508 1141 544 1203; x_wconf 92' lang='lat' dir='ltr'>iu</span> <span class='ocrx_word' id='word_1_65' title='bbox 567 1139 729 1224; x_wconf 80' lang='lat' dir='ltr'>praedicto</span> <span class='ocrx_word' id='word_1_66' title='bbox 740 1139 900 1219; x_wconf 84' lang='lat' dir='ltr'>manerio,</span> <span class='ocrx_word' id='word_1_67' title='bbox 920 1140 1058 1204; x_wconf 89' lang='lat' dir='ltr'>nomine</span> <span class='ocrx_word' id='word_1_68' title='bbox 1077 1139 1323 1203; x_wconf 89' lang='lat' dir='ltr'>conventionis.</span> <span class='ocrx_word' id='word_1_69' title='bbox 1368 1139 1415 1202; x_wconf 79' lang='lat' dir='ltr'>Et</span> 
     </span>
    </p>

    <p class='ocr_par' dir='ltr' id='par_1_3' title="bbox 181 1225 1416 1568">
     <span class='ocr_line' id='line_1_9' title="bbox 181 1225 1416 1313; baseline -0.003 -21"><span class='ocrx_word' id='word_1_70' title='bbox 181 1281 184 1285; x_wconf 92' lang='lat'>.</span> <span class='ocrx_word' id='word_1_71' title='bbox 267 1248 327 1312; x_wconf 87' lang='lat' dir='ltr'>pro</span> <span class='ocrx_word' id='word_1_72' title='bbox 334 1229 414 1307; x_wconf 78' lang='lat' dir='ltr'>hac,</span> <span class='ocrx_word' id='word_1_73' title='bbox 431 1231 508 1306; x_wconf 83' lang='lat' dir='ltr'>etc,</span> <span class='ocrx_word' id='word_1_74' title='bbox 523 1227 705 1313; x_wconf 74' lang='lat' dir='ltr'>praedictus</span> <span class='ocrx_word' id='word_1_75' title='bbox 721 1227 891 1292; x_wconf 82' lang='lat' dir='ltr'>Robertus</span> <span class='ocrx_word' id='word_1_76' title='bbox 904 1225 963 1290; x_wconf 91' lang='lat' dir='ltr'>dat</span> <span class='ocrx_word' id='word_1_77' title='bbox 978 1226 1087 1290; x_wconf 84' lang='lat' dir='ltr'>eidem</span> <span class='ocrx_word' id='word_1_78' title='bbox 1102 1225 1274 1290; x_wconf 88' lang='lat' dir='ltr'>Willelmo</span> <span class='ocrx_word' id='word_1_79' title='bbox 1290 1225 1416 1311; x_wconf 84' lang='lat' dir='ltr'>viginti</span> 
     </span>
     <span class='ocr_line' id='line_1_10' title="bbox 268 1312 1415 1400; baseline 0 -22"><span class='ocrx_word' id='word_1_80' title='bbox 268 1317 294 1378; x_wconf 88' lang='lat' dir='ltr'>s&#39;</span> <span class='ocrx_word' id='word_1_81' title='bbox 321 1336 405 1399; x_wconf 90' lang='lat' dir='ltr'>quos</span> <span class='ocrx_word' id='word_1_82' title='bbox 426 1314 457 1380; x_wconf 89' lang='lat' dir='ltr'>ei</span> <span class='ocrx_word' id='word_1_83' title='bbox 482 1315 602 1380; x_wconf 87' lang='lat' dir='ltr'>reddet</span> <span class='ocrx_word' id='word_1_84' title='bbox 624 1314 667 1378; x_wconf 88' lang='lat' dir='ltr'>ad</span> <span class='ocrx_word' id='word_1_85' title='bbox 685 1314 815 1380; x_wconf 87' lang='lat' dir='ltr'>festum</span> <span class='ocrx_word' id='word_1_86' title='bbox 837 1314 954 1378; x_wconf 83' lang='lat' dir='ltr'>Sancti</span> <span class='ocrx_word' id='word_1_87' title='bbox 980 1313 1125 1377; x_wconf 87' lang='lat' dir='ltr'>Martini</span> <span class='ocrx_word' id='word_1_88' title='bbox 1146 1313 1181 1376; x_wconf 90' lang='lat' dir='ltr'>in</span> <span class='ocrx_word' id='word_1_89' title='bbox 1207 1315 1327 1400; x_wconf 83' lang='lat' dir='ltr'>hyeme</span> <span class='ocrx_word' id='word_1_90' title='bbox 1351 1312 1415 1378; x_wconf 89' lang='lat' dir='ltr'>hoc</span> 
     </span>
     <span class='ocr_line' id='line_1_11' title="bbox 269 1399 1415 1484; baseline -0.002 -18"><span class='ocrx_word' id='word_1_91' title='bbox 269 1423 368 1466; x_wconf 79' lang='lat' dir='ltr'>nnuc.</span> <span class='ocrx_word' id='word_1_92' title='bbox 415 1402 460 1465; x_wconf 81' lang='lat' dir='ltr'>Et</span> <span class='ocrx_word' id='word_1_93' title='bbox 487 1401 554 1465; x_wconf 87' lang='lat' dir='ltr'>nisi</span> <span class='ocrx_word' id='word_1_94' title='bbox 577 1401 709 1479; x_wconf 82' lang='lat' dir='ltr'>fecerit,</span> <span class='ocrx_word' id='word_1_95' title='bbox 738 1400 892 1466; x_wconf 88' lang='lat' dir='ltr'>concedit</span> <span class='ocrx_word' id='word_1_96' title='bbox 917 1401 1005 1484; x_wconf 88' lang='lat' dir='ltr'>quod</span> <span class='ocrx_word' id='word_1_97' title='bbox 1029 1400 1212 1466; x_wconf 75' lang='lat' dir='ltr'>vicecomes</span> <span class='ocrx_word' id='word_1_98' title='bbox 1235 1399 1343 1466; x_wconf 85' lang='lat' dir='ltr'>faciat</span> <span class='ocrx_word' id='word_1_99' title='bbox 1373 1400 1415 1464; x_wconf 90' lang='lat' dir='ltr'>de</span> 
     </span>
     <span class='ocr_line' id='line_1_12' title="bbox 268 1487 658 1568; baseline -0.008 -12"><span class='ocrx_word' id='word_1_100' title='bbox 268 1489 368 1556; x_wconf 87' lang='lat' dir='ltr'>terris</span> <span class='ocrx_word' id='word_1_101' title='bbox 384 1493 420 1553; x_wconf 89' lang='lat' dir='ltr'>et</span> <span class='ocrx_word' id='word_1_102' title='bbox 435 1487 579 1568; x_wconf 87' lang='lat' dir='ltr'>catallis,</span> <span class='ocrx_word' id='word_1_103' title='bbox 595 1493 658 1553; x_wconf 86' lang='lat' dir='ltr'>etc.</span> 
     </span>
    </p>
   </div>
   <div class='ocr_carea' id='block_1_3' title="bbox 269 1615 1418 2051">
    <p class='ocr_par' dir='ltr' id='par_1_4' title="bbox 269 1615 1418 2051">
     <span class='ocr_line' id='line_1_13' title="bbox 334 1615 1417 1702; baseline 0 -21"><span class='ocrx_word' id='word_1_104' title='bbox 334 1617 520 1683; x_wconf 88' lang='lat' dir='ltr'>Nicholaus</span> <span class='ocrx_word' id='word_1_105' title='bbox 535 1617 670 1702; x_wconf 87' lang='lat' dir='ltr'>Vygrus</span> <span class='ocrx_word' id='word_1_106' title='bbox 686 1615 861 1701; x_wconf 76' lang='lat' dir='ltr'><strong>cognoscit</strong></span> <span class='ocrx_word' id='word_1_107' title='bbox 883 1618 973 1700; x_wconf 92' lang='lat' dir='ltr'>quod</span> <span class='ocrx_word' id='word_1_108' title='bbox 988 1617 1088 1682; x_wconf 84' lang='lat' dir='ltr'>debet</span> <span class='ocrx_word' id='word_1_109' title='bbox 1109 1615 1193 1680; x_wconf 86' lang='lat' dir='ltr'>Adae</span> <span class='ocrx_word' id='word_1_110' title='bbox 1208 1616 1250 1681; x_wconf 93' lang='lat' dir='ltr'>de</span> <span class='ocrx_word' id='word_1_111' title='bbox 1265 1616 1417 1683; x_wconf 90' lang='lat' dir='ltr'>Lonues-</span> 
     </span>
     <span class='ocr_line' id='line_1_14' title="bbox 271 1703 1418 1789; baseline -0.001 -21"><span class='ocrx_word' id='word_1_112' title='bbox 271 1705 345 1771; x_wconf 90' lang='lat' dir='ltr'>dale</span> <span class='ocrx_word' id='word_1_113' title='bbox 355 1705 470 1770; x_wconf 86' lang='lat' dir='ltr'>decem</span> <span class='ocrx_word' id='word_1_114' title='bbox 481 1705 519 1785; x_wconf 81' lang='grc' dir='ltr'>ε’,</span> <span class='ocrx_word' id='word_1_115' title='bbox 532 1705 615 1769; x_wconf 88' lang='lat' dir='ltr'>duos</span> <span class='ocrx_word' id='word_1_116' title='bbox 629 1705 674 1783; x_wconf 86' lang='lat' dir='ltr'>d&#39;,</span> <span class='ocrx_word' id='word_1_117' title='bbox 688 1709 722 1768; x_wconf 88' lang='lat' dir='ltr'>et</span> <span class='ocrx_word' id='word_1_118' title='bbox 734 1704 791 1776; x_wconf 79' lang='lat' dir='ltr'>ob’,</span> <span class='ocrx_word' id='word_1_119' title='bbox 809 1725 891 1787; x_wconf 88' lang='lat' dir='ltr'>quos</span> <span class='ocrx_word' id='word_1_120' title='bbox 904 1704 935 1767; x_wconf 87' lang='lat' dir='ltr'>ei</span> <span class='ocrx_word' id='word_1_121' title='bbox 948 1704 1055 1769; x_wconf 83' lang='lat' dir='ltr'>solvet</span> <span class='ocrx_word' id='word_1_122' title='bbox 1066 1704 1156 1787; x_wconf 87' lang='lat' dir='ltr'>apud</span> <span class='ocrx_word' id='word_1_123' title='bbox 1169 1704 1361 1789; x_wconf 81' lang='lat' dir='ltr'>Correbrig&#39;</span> <span class='ocrx_word' id='word_1_124' title='bbox 1375 1703 1418 1768; x_wconf 85' lang='lat' dir='ltr'>cd</span> 
     </span>
     <span class='ocr_line' id='line_1_15' title="bbox 269 1789 1418 1875; baseline -0.003 -18"><span class='ocrx_word' id='word_1_125' title='bbox 269 1793 398 1858; x_wconf 84' lang='lat' dir='ltr'>festum</span> <span class='ocrx_word' id='word_1_126' title='bbox 413 1793 616 1857; x_wconf 78' lang='lat' dir='ltr'>Natiuitatis</span> <span class='ocrx_word' id='word_1_127' title='bbox 635 1792 749 1856; x_wconf 85' lang='lat' dir='ltr'>Sancti</span> <span class='ocrx_word' id='word_1_128' title='bbox 773 1791 940 1856; x_wconf 88' lang='lat' dir='ltr'>Johanuis</span> <span class='ocrx_word' id='word_1_129' title='bbox 963 1789 1126 1875; x_wconf 72' lang='lat' dir='ltr'>Baptistae</span> <span class='ocrx_word' id='word_1_130' title='bbox 1141 1791 1205 1855; x_wconf 90' lang='lat' dir='ltr'>hoc</span> <span class='ocrx_word' id='word_1_131' title='bbox 1227 1812 1326 1856; x_wconf 88' lang='lat' dir='ltr'>anuo.</span> <span class='ocrx_word' id='word_1_132' title='bbox 1371 1792 1418 1855; x_wconf 83' lang='lat' dir='ltr'>Et</span> 
     </span>
     <span class='ocr_line' id='line_1_16' title="bbox 271 1877 1418 1963; baseline 0.001 -21"><span class='ocrx_word' id='word_1_133' title='bbox 271 1879 339 1944; x_wconf 86' lang='lat' dir='ltr'>nisi</span> <span class='ocrx_word' id='word_1_134' title='bbox 354 1880 485 1957; x_wconf 83' lang='lat' dir='ltr'>fecerit,</span> <span class='ocrx_word' id='word_1_135' title='bbox 501 1879 657 1944; x_wconf 87' lang='lat' dir='ltr'>concedit</span> <span class='ocrx_word' id='word_1_136' title='bbox 672 1879 760 1963; x_wconf 93' lang='lat' dir='ltr'>quod</span> <span class='ocrx_word' id='word_1_137' title='bbox 780 1878 964 1943; x_wconf 81' lang='lat' dir='ltr'>vicecomes</span> <span class='ocrx_word' id='word_1_138' title='bbox 985 1879 1058 1943; x_wconf 89' lang='lat' dir='ltr'>fieri</span> <span class='ocrx_word' id='word_1_139' title='bbox 1080 1877 1187 1943; x_wconf 82' lang='lat' dir='ltr'>iaciat</span> <span class='ocrx_word' id='word_1_140' title='bbox 1203 1879 1244 1943; x_wconf 89' lang='lat' dir='ltr'>de</span> <span class='ocrx_word' id='word_1_141' title='bbox 1266 1878 1367 1943; x_wconf 84' lang='lat' dir='ltr'>terris</span> <span class='ocrx_word' id='word_1_142' title='bbox 1383 1882 1418 1943; x_wconf 90' lang='lat' dir='ltr'>et</span> 
     </span>
     <span class='ocr_line' id='line_1_17' title="bbox 273 1965 1223 2051; baseline -0.001 -20"><span class='ocrx_word' id='word_1_143' title='bbox 273 1966 417 2046; x_wconf 86' lang='lat' dir='ltr'>catallis,</span> <span class='ocrx_word' id='word_1_144' title='bbox 433 1971 509 2046; x_wconf 81' lang='lat' dir='ltr'>etc,</span> <span class='ocrx_word' id='word_1_145' title='bbox 525 1987 586 2050; x_wconf 92' lang='lat' dir='ltr'>per</span> <span class='ocrx_word' id='word_1_146' title='bbox 599 1965 750 2051; x_wconf 85' lang='lat' dir='ltr'>plegium</span> <span class='ocrx_word' id='word_1_147' title='bbox 765 1965 788 2029; x_wconf 91' lang='lat' dir='ltr'><strong>J</strong></span> <span class='ocrx_word' id='word_1_148' title='bbox 789 1965 932 2030; x_wconf 88' lang='lat' dir='ltr'>ohannis</span> <span class='ocrx_word' id='word_1_149' title='bbox 949 1965 989 2030; x_wconf 90' lang='lat' dir='ltr'>de</span> <span class='ocrx_word' id='word_1_150' title='bbox 1006 1965 1143 2051; x_wconf 86' lang='lat' dir='ltr'>Oggill&#39;,</span> <span class='ocrx_word' id='word_1_151' title='bbox 1159 1971 1223 2032; x_wconf 87' lang='lat' dir='ltr'>etc.</span> 
     </span>
    </p>
   </div>
   <div class='ocr_carea' id='block_1_4' title="bbox 271 2102 1517 4365">
    <p class='ocr_par' dir='ltr' id='par_1_5' title="bbox 271 2102 1517 3582">
     <span class='ocr_line' id='line_1_18' title="bbox 335 2102 1517 2187; baseline 0.002 -19"><span class='ocrx_word' id='word_1_152' title='bbox 335 2104 454 2169; x_wconf 81' lang='lat' dir='ltr'>Assisa</span> <span class='ocrx_word' id='word_1_153' title='bbox 483 2104 576 2169; x_wconf 89' lang='lat' dir='ltr'>venit</span> <span class='ocrx_word' id='word_1_154' title='bbox 600 2104 818 2187; x_wconf 78' lang='lat' dir='ltr'>recognitma</span> <span class='ocrx_word' id='word_1_155' title='bbox 848 2103 877 2167; x_wconf 90' lang='lat' dir='ltr'>si</span> <span class='ocrx_word' id='word_1_156' title='bbox 899 2102 1091 2168; x_wconf 92' lang='lat' dir='ltr'>Willelmus</span> <span class='ocrx_word' id='word_1_157' title='bbox 1117 2104 1207 2169; x_wconf 84' lang='lat' dir='ltr'>filius</span> <span class='ocrx_word' id='word_1_158' title='bbox 1238 2104 1418 2186; x_wconf 89' lang='lat' dir='ltr'>Johaunis,</span> <span class='ocrx_word' id='word_1_159' title='bbox 1512 2131 1517 2142; x_wconf 89' lang='lat'>·</span> 
     </span>
     <span class='ocr_line' id='line_1_19' title="bbox 272 2190 1419 2277; baseline -0.001 -20"><span class='ocrx_word' id='word_1_160' title='bbox 272 2191 457 2257; x_wconf 81' lang='lat' dir='ltr'>avunculus</span> <span class='ocrx_word' id='word_1_161' title='bbox 472 2191 601 2270; x_wconf 81' lang='lat' dir='ltr'>Aliciae,</span> <span class='ocrx_word' id='word_1_162' title='bbox 620 2191 731 2255; x_wconf 86' lang='lat' dir='ltr'>uxoris</span> <span class='ocrx_word' id='word_1_163' title='bbox 747 2190 875 2275; x_wconf 84' lang='lat' dir='ltr'>Rogeri</span> <span class='ocrx_word' id='word_1_164' title='bbox 886 2191 927 2254; x_wconf 92' lang='lat' dir='ltr'>de</span> <span class='ocrx_word' id='word_1_165' title='bbox 940 2190 1174 2276; x_wconf 84' lang='lat' dir='ltr'>Keppetrawe,</span> <span class='ocrx_word' id='word_1_166' title='bbox 1187 2197 1222 2258; x_wconf 94' lang='lat' dir='ltr'>et</span> <span class='ocrx_word' id='word_1_167' title='bbox 1236 2192 1419 2277; x_wconf 84' lang='lat' dir='ltr'>Angnetis,</span> 
     </span>
     <span class='ocr_line' id='line_1_20' title="bbox 271 2277 1419 2363; baseline 0.002 -21"><span class='ocrx_word' id='word_1_168' title='bbox 271 2279 395 2344; x_wconf 89' lang='lat' dir='ltr'>sororis</span> <span class='ocrx_word' id='word_1_169' title='bbox 422 2277 576 2363; x_wconf 86' lang='lat' dir='ltr'>ejusdem</span> <span class='ocrx_word' id='word_1_170' title='bbox 596 2277 724 2356; x_wconf 86' lang='lat' dir='ltr'>Aliciae,</span> <span class='ocrx_word' id='word_1_171' title='bbox 749 2278 819 2341; x_wconf 81' lang='lat' dir='ltr'>luit</span> <span class='ocrx_word' id='word_1_172' title='bbox 843 2277 978 2342; x_wconf 90' lang='lat' dir='ltr'>seisitus</span> <span class='ocrx_word' id='word_1_173' title='bbox 996 2279 1033 2341; x_wconf 90' lang='lat' dir='ltr'>in</span> <span class='ocrx_word' id='word_1_174' title='bbox 1054 2279 1223 2343; x_wconf 88' lang='lat' dir='ltr'>dominico</span> <span class='ocrx_word' id='word_1_175' title='bbox 1242 2300 1303 2344; x_wconf 86' lang='lat' dir='ltr'>suc</span> <span class='ocrx_word' id='word_1_176' title='bbox 1323 2285 1363 2343; x_wconf 88' lang='lat' dir='ltr'>ut</span> <span class='ocrx_word' id='word_1_177' title='bbox 1378 2282 1419 2344; x_wconf 91' lang='lat' dir='ltr'>de</span> 
     </span>
     <span class='ocr_line' id='line_1_21' title="bbox 271 2364 1419 2452; baseline 0.001 -23"><span class='ocrx_word' id='word_1_178' title='bbox 271 2365 373 2430; x_wconf 84' lang='lat' dir='ltr'>feodo</span> <span class='ocrx_word' id='word_1_179' title='bbox 388 2365 429 2428; x_wconf 93' lang='lat' dir='ltr'>de</span> <span class='ocrx_word' id='word_1_180' title='bbox 445 2387 512 2429; x_wconf 87' lang='lat' dir='ltr'>uuo</span> <span class='ocrx_word' id='word_1_181' title='bbox 536 2364 708 2450; x_wconf 80' lang='lat' dir='ltr'>mesuagio</span> <span class='ocrx_word' id='word_1_182' title='bbox 727 2366 857 2430; x_wconf 88' lang='lat' dir='ltr'>duobus</span> <span class='ocrx_word' id='word_1_183' title='bbox 883 2365 983 2430; x_wconf 82' lang='lat' dir='ltr'>toitis</span> <span class='ocrx_word' id='word_1_184' title='bbox 1004 2369 1039 2429; x_wconf 92' lang='lat' dir='ltr'>et</span> <span class='ocrx_word' id='word_1_185' title='bbox 1062 2365 1312 2452; x_wconf 87' lang='lat' dir='ltr'>quinquaginta</span> <span class='ocrx_word' id='word_1_186' title='bbox 1332 2366 1419 2432; x_wconf 90' lang='lat' dir='ltr'>acris</span> 
     </span>
     <span class='ocr_line' id='line_1_22' title="bbox 271 2451 1422 2537; baseline 0.001 -20"><span class='ocrx_word' id='word_1_187' title='bbox 271 2457 456 2518; x_wconf 84' lang='lat' dir='ltr'>terraecum</span> <span class='ocrx_word' id='word_1_188' title='bbox 465 2452 873 2537; x_wconf 85' lang='lat' dir='ltr'>pertinentiisinNeuton</span> <span class='ocrx_word' id='word_1_189' title='bbox 885 2451 1270 2537; x_wconf 79' lang='lat' dir='ltr'>On-the-morediequO,</span> <span class='ocrx_word' id='word_1_190' title='bbox 1284 2457 1348 2520; x_wconf 90' lang='lat' dir='ltr'>etc.</span> <span class='ocrx_word' id='word_1_191' title='bbox 1375 2455 1422 2518; x_wconf 85' lang='lat' dir='ltr'>Et</span> 
     </span>
     <span class='ocr_line' id='line_1_23' title="bbox 273 2539 1420 2624; baseline 0.001 -21"><span class='ocrx_word' id='word_1_192' title='bbox 273 2541 313 2620; x_wconf 89' lang='lat' dir='ltr'>si,</span> <span class='ocrx_word' id='word_1_193' title='bbox 343 2543 408 2603; x_wconf 86' lang='lat' dir='ltr'>etc.</span> <span class='ocrx_word' id='word_1_194' title='bbox 454 2540 500 2602; x_wconf 77' lang='lat' dir='ltr'>nt</span> <span class='ocrx_word' id='word_1_195' title='bbox 530 2539 704 2604; x_wconf 88' lang='lat' dir='ltr'>sciendum</span> <span class='ocrx_word' id='word_1_196' title='bbox 733 2540 823 2623; x_wconf 90' lang='lat' dir='ltr'>quod</span> <span class='ocrx_word' id='word_1_197' title='bbox 853 2539 1017 2604; x_wconf 78' lang='lat' dir='ltr'>medietas</span> <span class='ocrx_word' id='word_1_198' title='bbox 1050 2540 1203 2624; x_wconf 71' lang='lat' dir='ltr'>praedicti</span> <span class='ocrx_word' id='word_1_199' title='bbox 1234 2541 1420 2607; x_wconf 86' lang='lat' dir='ltr'>tenementi</span> 
     </span>
     <span class='ocr_line' id='line_1_24' title="bbox 273 2627 1422 2713; baseline -0.001 -21"><span class='ocrx_word' id='word_1_200' title='bbox 273 2627 451 2712; x_wconf 85' lang='lat' dir='ltr'>excipitur,</span> <span class='ocrx_word' id='word_1_201' title='bbox 467 2647 506 2691; x_wconf 89' lang='lat' dir='ltr'>eo</span> <span class='ocrx_word' id='word_1_202' title='bbox 521 2627 611 2711; x_wconf 93' lang='lat' dir='ltr'>quod</span> <span class='ocrx_word' id='word_1_203' title='bbox 625 2627 787 2710; x_wconf 85' lang='lat' dir='ltr'>praedicta</span> <span class='ocrx_word' id='word_1_204' title='bbox 800 2627 942 2710; x_wconf 84' lang='lat' dir='ltr'>Angues</span> <span class='ocrx_word' id='word_1_205' title='bbox 954 2628 1172 2706; x_wconf 87' lang='lat' dir='ltr'>summonita,</span> <span class='ocrx_word' id='word_1_206' title='bbox 1183 2650 1252 2693; x_wconf 88' lang='lat' dir='ltr'>non</span> <span class='ocrx_word' id='word_1_207' title='bbox 1267 2629 1422 2713; x_wconf 88' lang='lat' dir='ltr'>sequitur</span> 
     </span>
     <span class='ocr_line' id='line_1_25' title="bbox 272 2713 1422 2798; baseline 0.001 -21"><span class='ocrx_word' id='word_1_208' title='bbox 272 2735 334 2798; x_wconf 87' lang='lat' dir='ltr'>pro</span> <span class='ocrx_word' id='word_1_209' title='bbox 359 2718 521 2798; x_wconf 87' lang='lat' dir='ltr'>purparte</span> <span class='ocrx_word' id='word_1_210' title='bbox 545 2735 617 2792; x_wconf 86' lang='lat' dir='ltr'>sua,</span> <span class='ocrx_word' id='word_1_211' title='bbox 644 2735 745 2797; x_wconf 90' lang='lat' dir='ltr'>quam</span> <span class='ocrx_word' id='word_1_212' title='bbox 770 2713 986 2779; x_wconf 87' lang='lat' dir='ltr'>medietatem</span> <span class='ocrx_word' id='word_1_213' title='bbox 1008 2713 1197 2779; x_wconf 86' lang='lat' dir='ltr'>Willelmus</span> <span class='ocrx_word' id='word_1_214' title='bbox 1222 2715 1264 2780; x_wconf 90' lang='lat' dir='ltr'>de</span> <span class='ocrx_word' id='word_1_215' title='bbox 1284 2715 1422 2782; x_wconf 89' lang='lat' dir='ltr'>Neuton</span> 
     </span>
     <span class='ocr_line' id='line_1_26' title="bbox 274 2800 1422 2885; baseline 0.003 -21"><span class='ocrx_word' id='word_1_216' title='bbox 274 2806 381 2880; x_wconf 90' lang='lat' dir='ltr'>tenet,</span> <span class='ocrx_word' id='word_1_217' title='bbox 398 2801 456 2885; x_wconf 92' lang='lat' dir='ltr'>qui</span> <span class='ocrx_word' id='word_1_218' title='bbox 472 2800 565 2865; x_wconf 89' lang='lat' dir='ltr'>venit</span> <span class='ocrx_word' id='word_1_219' title='bbox 580 2808 615 2866; x_wconf 91' lang='lat' dir='ltr'>et</span> <span class='ocrx_word' id='word_1_220' title='bbox 631 2801 715 2864; x_wconf 89' lang='lat' dir='ltr'>dicit</span> <span class='ocrx_word' id='word_1_221' title='bbox 730 2802 820 2884; x_wconf 88' lang='lat' dir='ltr'>quod</span> <span class='ocrx_word' id='word_1_222' title='bbox 834 2822 904 2865; x_wconf 92' lang='lat' dir='ltr'>non</span> <span class='ocrx_word' id='word_1_223' title='bbox 925 2801 1028 2865; x_wconf 87' lang='lat' dir='ltr'>debet</span> <span class='ocrx_word' id='word_1_224' title='bbox 1048 2802 1079 2865; x_wconf 89' lang='lat' dir='ltr'>ei</span> <span class='ocrx_word' id='word_1_225' title='bbox 1095 2802 1218 2868; x_wconf 88' lang='lat' dir='ltr'>adhoc</span> <span class='ocrx_word' id='word_1_226' title='bbox 1240 2803 1338 2870; x_wconf 90' lang='lat' dir='ltr'>breve</span> <span class='ocrx_word' id='word_1_227' title='bbox 1354 2824 1422 2869; x_wconf 85' lang='lat' dir='ltr'>res-</span> 
     </span>
     <span class='ocr_line' id='line_1_27' title="bbox 273 2887 1421 2974; baseline 0.003 -23"><span class='ocrx_word' id='word_1_228' title='bbox 273 2888 431 2972; x_wconf 90' lang='lat' dir='ltr'>pondere,</span> <span class='ocrx_word' id='word_1_229' title='bbox 448 2887 531 2952; x_wconf 90' lang='lat' dir='ltr'>dicit</span> <span class='ocrx_word' id='word_1_230' title='bbox 554 2887 645 2951; x_wconf 91' lang='lat' dir='ltr'>euim</span> <span class='ocrx_word' id='word_1_231' title='bbox 660 2889 749 2971; x_wconf 92' lang='lat' dir='ltr'>quod</span> <span class='ocrx_word' id='word_1_232' title='bbox 768 2888 840 2972; x_wconf 89' lang='lat' dir='ltr'>ipse</span> <span class='ocrx_word' id='word_1_233' title='bbox 864 2909 932 2951; x_wconf 90' lang='lat' dir='ltr'>non</span> <span class='ocrx_word' id='word_1_234' title='bbox 954 2891 1051 2953; x_wconf 88' lang='lat' dir='ltr'>tenet</span> <span class='ocrx_word' id='word_1_235' title='bbox 1074 2888 1207 2974; x_wconf 86' lang='lat' dir='ltr'>integre</span> <span class='ocrx_word' id='word_1_236' title='bbox 1224 2891 1421 2974; x_wconf 83' lang='lat' dir='ltr'>praedictum</span> 
     </span>
     <span class='ocr_line' id='line_1_28' title="bbox 272 2975 1423 3061; baseline 0 -21"><span class='ocrx_word' id='word_1_237' title='bbox 272 2980 516 3054; x_wconf 88' lang='lat' dir='ltr'>tenementum,</span> <span class='ocrx_word' id='word_1_238' title='bbox 533 2976 612 3058; x_wconf 89' lang='lat' dir='ltr'>quia</span> <span class='ocrx_word' id='word_1_239' title='bbox 628 2975 710 3039; x_wconf 90' lang='lat' dir='ltr'>dicit</span> <span class='ocrx_word' id='word_1_240' title='bbox 726 2977 815 3059; x_wconf 90' lang='lat' dir='ltr'>quod</span> <span class='ocrx_word' id='word_1_241' title='bbox 830 2975 981 3058; x_wconf 87' lang='lat' dir='ltr'>quaedam</span> <span class='ocrx_word' id='word_1_242' title='bbox 993 2975 1146 3060; x_wconf 85' lang='lat' dir='ltr'>Angues,</span> <span class='ocrx_word' id='word_1_243' title='bbox 1163 2998 1237 3061; x_wconf 81' lang='lat' dir='ltr'>quae</span> <span class='ocrx_word' id='word_1_244' title='bbox 1252 2977 1322 3040; x_wconf 80' lang='lat' dir='ltr'>fuit</span> <span class='ocrx_word' id='word_1_245' title='bbox 1338 2999 1423 3042; x_wconf 83' lang='lat' dir='ltr'>uxor</span> 
     </span>
     <span class='ocr_line' id='line_1_29' title="bbox 274 3061 1420 3146; baseline 0.004 -21"><span class='ocrx_word' id='word_1_246' title='bbox 274 3061 437 3125; x_wconf 91' lang='lat' dir='ltr'>Willelmi</span> <span class='ocrx_word' id='word_1_247' title='bbox 460 3061 522 3124; x_wconf 91' lang='lat' dir='ltr'>filii</span> <span class='ocrx_word' id='word_1_248' title='bbox 545 3062 567 3126; x_wconf 91' lang='lat' dir='ltr'><strong>J</strong></span> <span class='ocrx_word' id='word_1_249' title='bbox 569 3063 724 3141; x_wconf 89' lang='lat' dir='ltr'>ohannis,</span> <span class='ocrx_word' id='word_1_250' title='bbox 751 3065 847 3128; x_wconf 90' lang='lat' dir='ltr'>tenet</span> <span class='ocrx_word' id='word_1_251' title='bbox 873 3062 953 3129; x_wconf 91' lang='lat' dir='ltr'>iude</span> <span class='ocrx_word' id='word_1_252' title='bbox 979 3063 1171 3146; x_wconf 90' lang='lat' dir='ltr'>quindecim</span> <span class='ocrx_word' id='word_1_253' title='bbox 1195 3085 1290 3129; x_wconf 78' lang='lat' dir='ltr'>acras</span> <span class='ocrx_word' id='word_1_254' title='bbox 1312 3068 1420 3143; x_wconf 77' lang='lat' dir='ltr'>cerrae,</span> 
     </span>
     <span class='ocr_line' id='line_1_30' title="bbox 275 3149 1421 3234; baseline 0.003 -22"><span class='ocrx_word' id='word_1_255' title='bbox 275 3149 443 3227; x_wconf 89' lang='lat' dir='ltr'>videlicet,</span> <span class='ocrx_word' id='word_1_256' title='bbox 474 3150 515 3214; x_wconf 92' lang='lat' dir='ltr'>de</span> <span class='ocrx_word' id='word_1_257' title='bbox 545 3149 679 3234; x_wconf 90' lang='lat' dir='ltr'>integro</span> <span class='ocrx_word' id='word_1_258' title='bbox 708 3150 945 3233; x_wconf 85' lang='lat' dir='ltr'>praedictorum</span> <span class='ocrx_word' id='word_1_259' title='bbox 974 3154 1254 3216; x_wconf 88' lang='lat' dir='ltr'>tenementorum.</span> <span class='ocrx_word' id='word_1_260' title='bbox 1315 3152 1362 3215; x_wconf 77' lang='lat' dir='ltr'>lit</span> <span class='ocrx_word' id='word_1_261' title='bbox 1392 3153 1421 3217; x_wconf 90' lang='lat' dir='ltr'>si</span> 
     </span>
     <span class='ocr_line' id='line_1_31' title="bbox 275 3236 1423 3321; baseline 0.002 -20"><span class='ocrx_word' id='word_1_262' title='bbox 275 3237 495 3301; x_wconf 87' lang='lat' dir='ltr'>convincatur</span> <span class='ocrx_word' id='word_1_263' title='bbox 507 3237 596 3320; x_wconf 91' lang='lat' dir='ltr'>quod</span> <span class='ocrx_word' id='word_1_264' title='bbox 611 3237 683 3321; x_wconf 88' lang='lat' dir='ltr'>ipse</span> <span class='ocrx_word' id='word_1_265' title='bbox 693 3241 789 3302; x_wconf 85' lang='lat' dir='ltr'>tenet</span> <span class='ocrx_word' id='word_1_266' title='bbox 803 3236 936 3321; x_wconf 86' lang='lat' dir='ltr'>integre</span> <span class='ocrx_word' id='word_1_267' title='bbox 945 3237 1106 3321; x_wconf 69' lang='lat' dir='ltr'>pmdicca</span> <span class='ocrx_word' id='word_1_268' title='bbox 1116 3242 1322 3319; x_wconf 74' lang='lat' dir='ltr'>tenemento,</span> <span class='ocrx_word' id='word_1_269' title='bbox 1339 3239 1423 3304; x_wconf 92' lang='lat' dir='ltr'>dicit</span> 
     </span>
     <span class='ocr_line' id='line_1_32' title="bbox 276 3323 1422 3409; baseline 0.003 -23"><span class='ocrx_word' id='word_1_270' title='bbox 276 3324 365 3408; x_wconf 91' lang='lat' dir='ltr'>quod</span> <span class='ocrx_word' id='word_1_271' title='bbox 390 3323 571 3407; x_wconf 85' lang='lat' dir='ltr'>praedictus</span> <span class='ocrx_word' id='word_1_272' title='bbox 598 3323 790 3389; x_wconf 91' lang='lat' dir='ltr'>Willelmus</span> <span class='ocrx_word' id='word_1_273' title='bbox 815 3324 856 3390; x_wconf 90' lang='lat' dir='ltr'>de</span> <span class='ocrx_word' id='word_1_274' title='bbox 881 3324 980 3409; x_wconf 83' lang='lat' dir='ltr'>cujus</span> <span class='ocrx_word' id='word_1_275' title='bbox 1001 3331 1119 3404; x_wconf 88' lang='lat' dir='ltr'>morte,</span> <span class='ocrx_word' id='word_1_276' title='bbox 1142 3330 1217 3406; x_wconf 87' lang='lat' dir='ltr'>etc,</span> <span class='ocrx_word' id='word_1_277' title='bbox 1243 3347 1310 3390; x_wconf 92' lang='lat' dir='ltr'>non</span> <span class='ocrx_word' id='word_1_278' title='bbox 1336 3327 1422 3391; x_wconf 89' lang='lat' dir='ltr'>obiit</span> 
     </span>
     <span class='ocr_line' id='line_1_33' title="bbox 275 3410 1421 3494; baseline 0.003 -19"><span class='ocrx_word' id='word_1_279' title='bbox 275 3411 411 3476; x_wconf 82' lang='lat' dir='ltr'>scisitus</span> <span class='ocrx_word' id='word_1_280' title='bbox 424 3411 466 3474; x_wconf 91' lang='lat' dir='ltr'>de</span> <span class='ocrx_word' id='word_1_281' title='bbox 478 3410 648 3494; x_wconf 86' lang='lat' dir='ltr'>praedictis</span> <span class='ocrx_word' id='word_1_282' title='bbox 664 3411 699 3474; x_wconf 93' lang='lat' dir='ltr'>in</span> <span class='ocrx_word' id='word_1_283' title='bbox 717 3411 885 3476; x_wconf 88' lang='lat' dir='ltr'>dominico</span> <span class='ocrx_word' id='word_1_284' title='bbox 902 3431 963 3475; x_wconf 92' lang='lat' dir='ltr'>suo</span> <span class='ocrx_word' id='word_1_285' title='bbox 978 3416 1018 3474; x_wconf 88' lang='lat' dir='ltr'>ut</span> <span class='ocrx_word' id='word_1_286' title='bbox 1033 3412 1074 3476; x_wconf 89' lang='lat' dir='ltr'>dc</span> <span class='ocrx_word' id='word_1_287' title='bbox 1089 3412 1201 3478; x_wconf 78' lang='lat' dir='ltr'>leode.</span> <span class='ocrx_word' id='word_1_288' title='bbox 1239 3413 1285 3477; x_wconf 84' lang='lat' dir='ltr'>Et</span> <span class='ocrx_word' id='word_1_289' title='bbox 1300 3413 1342 3478; x_wconf 89' lang='lat' dir='ltr'>de</span> <span class='ocrx_word' id='word_1_290' title='bbox 1357 3415 1421 3479; x_wconf 93' lang='lat' dir='ltr'>hoc</span> 
     </span>
     <span class='ocr_line' id='line_1_34' title="bbox 274 3497 791 3582; baseline 0 -20"><span class='ocrx_word' id='word_1_291' title='bbox 274 3497 373 3582; x_wconf 90' lang='lat' dir='ltr'>ponit</span> <span class='ocrx_word' id='word_1_292' title='bbox 390 3518 426 3561; x_wconf 90' lang='lat' dir='ltr'>se</span> <span class='ocrx_word' id='word_1_293' title='bbox 443 3517 543 3581; x_wconf 87' lang='lat' dir='ltr'>super</span> <span class='ocrx_word' id='word_1_294' title='bbox 557 3497 710 3578; x_wconf 80' lang='lat' dir='ltr'>assisam,</span> <span class='ocrx_word' id='word_1_295' title='bbox 727 3503 791 3562; x_wconf 89' lang='lat' dir='ltr'>etc.</span> 
     </span>
    </p>

    <p class='ocr_par' dir='ltr' id='par_1_6' title="bbox 277 3584 1426 4365">
     <span class='ocr_line' id='line_1_35' title="bbox 341 3584 1422 3672; baseline 0.003 -23"><span class='ocrx_word' id='word_1_296' title='bbox 341 3584 1422 3672; x_wconf 82' lang='lat' dir='ltr'>Juratoresdicuntsupersacramentumsuumquodpraedictus</span> 
     </span>
     <span class='ocr_line' id='line_1_36' title="bbox 279 3670 1420 3760; baseline 0.005 -27"><span class='ocrx_word' id='word_1_297' title='bbox 279 3670 466 3735; x_wconf 89' lang='lat' dir='ltr'>Willelmus</span> <span class='ocrx_word' id='word_1_298' title='bbox 482 3671 522 3736; x_wconf 88' lang='lat' dir='ltr'>de</span> <span class='ocrx_word' id='word_1_299' title='bbox 533 3673 628 3756; x_wconf 89' lang='lat' dir='ltr'>cujus</span> <span class='ocrx_word' id='word_1_300' title='bbox 644 3677 762 3748; x_wconf 86' lang='lat' dir='ltr'>morte,</span> <span class='ocrx_word' id='word_1_301' title='bbox 780 3675 856 3752; x_wconf 82' lang='lat' dir='ltr'>etc,</span> <span class='ocrx_word' id='word_1_302' title='bbox 869 3693 937 3736; x_wconf 90' lang='lat' dir='ltr'>non</span> <span class='ocrx_word' id='word_1_303' title='bbox 950 3673 1036 3738; x_wconf 87' lang='lat' dir='ltr'>obiit</span> <span class='ocrx_word' id='word_1_304' title='bbox 1052 3674 1187 3738; x_wconf 88' lang='lat' dir='ltr'>seisitus</span> <span class='ocrx_word' id='word_1_305' title='bbox 1197 3675 1239 3738; x_wconf 86' lang='lat' dir='ltr'>de</span> <span class='ocrx_word' id='word_1_306' title='bbox 1250 3675 1420 3760; x_wconf 84' lang='lat' dir='ltr'>praedictis</span> 
     </span>
     <span class='ocr_line' id='line_1_37' title="bbox 277 3758 1421 3844; baseline 0.003 -22"><span class='ocrx_word' id='word_1_307' title='bbox 277 3758 482 3823; x_wconf 85' lang='lat' dir='ltr'>tenementis</span> <span class='ocrx_word' id='word_1_308' title='bbox 498 3759 533 3822; x_wconf 88' lang='lat' dir='ltr'>in</span> <span class='ocrx_word' id='word_1_309' title='bbox 551 3759 718 3824; x_wconf 89' lang='lat' dir='ltr'>dominico</span> <span class='ocrx_word' id='word_1_310' title='bbox 729 3779 789 3822; x_wconf 90' lang='lat' dir='ltr'>suo</span> <span class='ocrx_word' id='word_1_311' title='bbox 799 3764 838 3823; x_wconf 87' lang='lat' dir='ltr'>ut</span> <span class='ocrx_word' id='word_1_312' title='bbox 853 3759 895 3824; x_wconf 92' lang='lat' dir='ltr'>de</span> <span class='ocrx_word' id='word_1_313' title='bbox 909 3759 1020 3840; x_wconf 84' lang='lat' dir='ltr'>feodo,</span> <span class='ocrx_word' id='word_1_314' title='bbox 1032 3761 1086 3824; x_wconf 93' lang='lat' dir='ltr'>die</span> <span class='ocrx_word' id='word_1_315' title='bbox 1102 3781 1177 3844; x_wconf 90' lang='lat' dir='ltr'>quo,</span> <span class='ocrx_word' id='word_1_316' title='bbox 1194 3765 1257 3826; x_wconf 87' lang='lat' dir='ltr'>etc.</span> <span class='ocrx_word' id='word_1_317' title='bbox 1292 3762 1421 3828; x_wconf 89' lang='lat' dir='ltr'>Dicunt</span> 
     </span>
     <span class='ocr_line' id='line_1_38' title="bbox 279 3844 1423 3935; baseline 0.002 -25"><span class='ocrx_word' id='word_1_318' title='bbox 279 3844 381 3910; x_wconf 88' lang='lat' dir='ltr'>etiam</span> <span class='ocrx_word' id='word_1_319' title='bbox 405 3845 494 3928; x_wconf 92' lang='lat' dir='ltr'>quod</span> <span class='ocrx_word' id='word_1_320' title='bbox 516 3846 697 3929; x_wconf 85' lang='lat' dir='ltr'>praedictus</span> <span class='ocrx_word' id='word_1_321' title='bbox 721 3845 924 3926; x_wconf 89' lang='lat' dir='ltr'>Willelmus,</span> <span class='ocrx_word' id='word_1_322' title='bbox 940 3848 981 3911; x_wconf 92' lang='lat' dir='ltr'>de</span> <span class='ocrx_word' id='word_1_323' title='bbox 1004 3847 1102 3931; x_wconf 85' lang='lat' dir='ltr'>cujus</span> <span class='ocrx_word' id='word_1_324' title='bbox 1125 3852 1244 3930; x_wconf 85' lang='lat' dir='ltr'>morte,</span> <span class='ocrx_word' id='word_1_325' title='bbox 1261 3853 1338 3929; x_wconf 78' lang='lat' dir='ltr'>etc,</span> <span class='ocrx_word' id='word_1_326' title='bbox 1362 3871 1423 3935; x_wconf 88' lang='lat' dir='ltr'>per</span> 
     </span>
     <span class='ocr_line' id='line_1_39' title="bbox 279 3932 1421 4020; baseline 0.005 -26"><span class='ocrx_word' id='word_1_327' title='bbox 279 3932 419 4015; x_wconf 85' lang='lat' dir='ltr'>longum</span> <span class='ocrx_word' id='word_1_328' title='bbox 435 3939 568 4016; x_wconf 87' lang='lat' dir='ltr'>tempus</span> <span class='ocrx_word' id='word_1_329' title='bbox 585 3936 666 3996; x_wconf 84' lang='lat' dir='ltr'>ante</span> <span class='ocrx_word' id='word_1_330' title='bbox 682 3937 825 3998; x_wconf 83' lang='lat' dir='ltr'>mortem</span> <span class='ocrx_word' id='word_1_331' title='bbox 841 3955 938 3997; x_wconf 85' lang='lat' dir='ltr'>suam</span> <span class='ocrx_word' id='word_1_332' title='bbox 959 3935 1114 3999; x_wconf 83' lang='lat' dir='ltr'>feoffavit</span> <span class='ocrx_word' id='word_1_333' title='bbox 1129 3936 1208 4002; x_wconf 90' lang='lat' dir='ltr'>inde</span> <span class='ocrx_word' id='word_1_334' title='bbox 1224 3937 1421 4020; x_wconf 67' lang='lat' dir='ltr'>pradictum</span> 
     </span>
     <span class='ocr_line' id='line_1_40' title="bbox 280 4019 1423 4108; baseline 0.007 -28"><span class='ocrx_word' id='word_1_335' title='bbox 280 4019 485 4082; x_wconf 92' lang='lat' dir='ltr'>Willelmum</span> <span class='ocrx_word' id='word_1_336' title='bbox 501 4020 541 4082; x_wconf 90' lang='lat' dir='ltr'>de</span> <span class='ocrx_word' id='word_1_337' title='bbox 557 4019 694 4083; x_wconf 88' lang='lat' dir='ltr'>Neutcn</span> <span class='ocrx_word' id='word_1_338' title='bbox 712 4023 746 4084; x_wconf 93' lang='lat' dir='ltr'>et</span> <span class='ocrx_word' id='word_1_339' title='bbox 756 4020 866 4104; x_wconf 88' lang='lat' dir='ltr'>ipsum</span> <span class='ocrx_word' id='word_1_340' title='bbox 879 4021 915 4084; x_wconf 89' lang='lat' dir='ltr'>in</span> <span class='ocrx_word' id='word_1_341' title='bbox 930 4020 1117 4105; x_wconf 87' lang='lat' dir='ltr'>plenariam</span> <span class='ocrx_word' id='word_1_342' title='bbox 1127 4023 1288 4088; x_wconf 86' lang='lat' dir='ltr'>seisinam</span> <span class='ocrx_word' id='word_1_343' title='bbox 1298 4024 1423 4108; x_wconf 87' lang='lat' dir='ltr'>posuit.</span> 
     </span>
     <span class='ocr_line' id='line_1_41' title="bbox 278 4105 1425 4192; baseline 0.008 -25"><span class='ocrx_word' id='word_1_344' title='bbox 278 4106 324 4168; x_wconf 83' lang='lat' dir='ltr'>Et</span> <span class='ocrx_word' id='word_1_345' title='bbox 339 4106 414 4170; x_wconf 90' lang='lat' dir='ltr'>ideo</span> <span class='ocrx_word' id='word_1_346' title='bbox 431 4105 682 4170; x_wconf 88' lang='lat' dir='ltr'>consideratum</span> <span class='ocrx_word' id='word_1_347' title='bbox 697 4111 750 4170; x_wconf 90' lang='lat' dir='ltr'>est</span> <span class='ocrx_word' id='word_1_348' title='bbox 763 4109 851 4190; x_wconf 93' lang='lat' dir='ltr'>quod</span> <span class='ocrx_word' id='word_1_349' title='bbox 863 4110 1042 4192; x_wconf 85' lang='lat' dir='ltr'>praedictns</span> <span class='ocrx_word' id='word_1_350' title='bbox 1052 4109 1245 4176; x_wconf 88' lang='lat' dir='ltr'>Willelmus</span> <span class='ocrx_word' id='word_1_351' title='bbox 1260 4111 1339 4176; x_wconf 91' lang='lat' dir='ltr'>inde</span> <span class='ocrx_word' id='word_1_352' title='bbox 1353 4111 1425 4176; x_wconf 88' lang='lat' dir='ltr'>sine</span> 
     </span>
     <span class='ocr_line' id='line_1_42' title="bbox 279 4193 1426 4283; baseline 0.007 -28"><span class='ocrx_word' id='word_1_353' title='bbox 279 4193 344 4272; x_wconf 89' lang='lat' dir='ltr'>die,</span> <span class='ocrx_word' id='word_1_354' title='bbox 357 4198 391 4259; x_wconf 93' lang='lat' dir='ltr'>et</span> <span class='ocrx_word' id='word_1_355' title='bbox 407 4193 558 4276; x_wconf 83' lang='lat' dir='ltr'>praedicti</span> <span class='ocrx_word' id='word_1_356' title='bbox 574 4194 728 4278; x_wconf 86' lang='lat' dir='ltr'>Rogcrus</span> <span class='ocrx_word' id='word_1_357' title='bbox 749 4200 784 4258; x_wconf 86' lang='lat' dir='ltr'>et</span> <span class='ocrx_word' id='word_1_358' title='bbox 799 4195 910 4260; x_wconf 89' lang='lat' dir='ltr'>Alicia</span> <span class='ocrx_word' id='word_1_359' title='bbox 931 4195 1035 4260; x_wconf 87' lang='lat' dir='ltr'>nichil</span> <span class='ocrx_word' id='word_1_360' title='bbox 1050 4197 1187 4281; x_wconf 87' lang='lat' dir='ltr'>capiant</span> <span class='ocrx_word' id='word_1_361' title='bbox 1200 4220 1260 4283; x_wconf 90' lang='lat' dir='ltr'>per</span> <span class='ocrx_word' id='word_1_362' title='bbox 1283 4199 1426 4263; x_wconf 86' lang='lat' dir='ltr'>assisam</span> 
     </span>
     <span class='ocr_line' id='line_1_43' title="bbox 280 4280 1123 4365; baseline 0.008 -22"><span class='ocrx_word' id='word_1_363' title='bbox 280 4280 394 4360; x_wconf 88' lang='lat' dir='ltr'>istam,</span> <span class='ocrx_word' id='word_1_364' title='bbox 411 4287 462 4344; x_wconf 85' lang='lat' dir='ltr'>set</span> <span class='ocrx_word' id='word_1_365' title='bbox 479 4280 601 4344; x_wconf 85' lang='lat' dir='ltr'>sintin</span> <span class='ocrx_word' id='word_1_366' title='bbox 616 4281 691 4345; x_wconf 88' lang='lat' dir='ltr'>mis&#39;</span> <span class='ocrx_word' id='word_1_367' title='bbox 707 4301 768 4365; x_wconf 89' lang='lat' dir='ltr'>pro</span> <span class='ocrx_word' id='word_1_368' title='bbox 783 4283 872 4348; x_wconf 86' lang='lat' dir='ltr'>falso</span> <span class='ocrx_word' id='word_1_369' title='bbox 887 4282 1042 4364; x_wconf 86' lang='lat' dir='ltr'>clamore,</span> <span class='ocrx_word' id='word_1_370' title='bbox 1058 4288 1123 4350; x_wconf 91' lang='lat' dir='ltr'>etc.</span> 
     </span>
    </p>
   </div>
   <div class='ocr_carea' id='block_1_5' title="bbox 342 4432 1426 4523">
    <p class='ocr_par' dir='ltr' id='par_1_7' title="bbox 342 4432 1426 4523">
     <span class='ocr_line' id='line_1_44' title="bbox 342 4432 1426 4523; baseline 0.009 -27"><span class='ocrx_word' id='word_1_371' title='bbox 342 4432 544 4514; x_wconf 78' lang='lat' dir='ltr'>willelmus,</span> <span class='ocrx_word' id='word_1_372' title='bbox 558 4435 656 4500; x_wconf 92' lang='lat' dir='ltr'>Prior</span> <span class='ocrx_word' id='word_1_373' title='bbox 664 4435 706 4500; x_wconf 93' lang='lat' dir='ltr'>de</span> <span class='ocrx_word' id='word_1_374' title='bbox 717 4436 953 4504; x_wconf 76' lang='lat' dir='ltr'>Brinlreburne</span> <span class='ocrx_word' id='word_1_375' title='bbox 967 4439 1056 4523; x_wconf 85' lang='lat' dir='ltr'>petit</span> <span class='ocrx_word' id='word_1_376' title='bbox 1072 4460 1188 4506; x_wconf 85' lang='lat' dir='ltr'>versus</span> <span class='ocrx_word' id='word_1_377' title='bbox 1203 4439 1368 4506; x_wconf 79' lang='lat' dir='ltr'>Thomam</span> <span class='ocrx_word' id='word_1_378' title='bbox 1384 4441 1426 4506; x_wconf 91' lang='lat' dir='ltr'>de</span> 
     </span>
    </p>
   </div>
   <div class='ocr_carea' id='block_1_6' title="bbox 239 4654 283 4661">
    <p class='ocr_par' dir='ltr' id='par_1_8' title="bbox 239 4654 283 4661">
     <span class='ocr_line' id='line_1_45' title="bbox 239 4654 283 4661; baseline 0 0"><span class='ocrx_word' id='word_1_379' title='bbox 239 4654 283 4661; x_wconf 57' lang='grc'>4..</span> 
     </span>
    </p>
   </div>
   <div class='ocr_carea' id='block_1_7' title="bbox 0 0 1658 5092">
    <p class='ocr_par' dir='ltr' id='par_1_9' title="bbox 0 0 1658 5092">
     <span class='ocr_line' id='line_1_46' title="bbox 0 0 1658 5092; baseline 0 0"><span class='ocrx_word' id='word_1_380' title='bbox 0 0 1658 5092; x_wconf 95' lang='lat' dir='ltr'> </span> 
     </span>
    </p>
   </div>
  </div>
 </body>
</html>
