3278 5104
264 569 306 633 98
445 589 558 634 asama
581 589 677 650 9999,
702 587 1040 648 99999999999999,
1063 568 1107 632 lo
1129 587 1211 633 9999.
1235 588 1290 634 111.

264 742 428 825 Midford,
451 743 638 810 indictatus
663 763 724 830 per
753 742 921 828 quendam
944 742 1159 828 probatorem
1184 741 1413 828 (1999911919

160 861 164 868 ·
266 831 446 917 burglaria,
464 836 499 897 91
512 831 689 918 utlagatus
704 834 758 897 991
773 831 810 895 19
826 830 1004 896 comitatu.

332 969 442 1033 Evota
458 967 527 1034 filia
542 967 707 1033 Willelmi
722 967 764 1033 de
779 967 940 1052 'Pyniton'
957 971 992 1032 et
1013 967 1155 1032 Femota
1170 967 1239 1032 11119
1253 965 1413 1033 Nicholai

268 1057 310 1122 de
334 1056 463 1132 eadem,
479 1056 645 1121 veniendo
660 1054 883 1120 (1919991919
898 1054 1061 1136 Midford,
1077 1056 1204 1121 robatae
1219 1055 1413 1121 199999119

266 1144 366 1209 bosco
382 1143 423 1208 de
447 1142 687 1209 Stobbesvvude
710 1164 771 1228 per
796 1141 1033 1207 malefactores
1058 1141 1206 1228 ignotos.
1252 1142 1413 1208 Nescitur

266 1231 324 1316 qui
338 1230 489 1295 fuerunt.
534 1231 580 1294 Et
596 1229 754 1314 quiahoc
775 1229 908 1294 factum
934 1229 975 1294 de
1001 1228 1066 1310 die,
1083 1233 1119 1295 91
1142 1229 1317 1295 hutesium
1343 1229 1414 1293 fuit

267 1319 428 1398 levatum,
444 1321 479 1384 91
492 1317 618 1383 villatae
634 1318 676 1382 de
690 1317 832 1381 ’1191199
853 1315 1033 1398 Orientali,
1048 1316 1238 1397 Alilinton',
1254 1317 1413 1398 Essetet',

268 1411 303 1473 et
317 1403 533 1490 Bolrynfeudl
548 1426 617 1470 non
631 1404 789 1470 fecerunt
804 1407 941 1484 sectam,
957 1403 1033 1469 ideo
1048 1403 1085 1467 in
1100 1403 1187 1468 mis’.

332 1541 501 1608 Robertus
516 1541 639 1606 Tovme
655 1539 933 1627 9991991911999
949 1539 1140 1626 suspicione
1162 1539 1335 1606 latrocinii
1354 1561 1415 1625 per

268 1627 409 1694 ballivos
424 1628 553 1693 domiui
573 1628 689 1714 Regis,
706 1631 740 1692 et
766 1627 932 1693 liberatus
947 1627 1071 1694 villata
1096 1627 1137 1692 de
1163 1628 1346 1695 Neweham
1369 1627 1413 1691 ad

269 1716 459 1783 ducendum
484 1737 598 1781 versus
627 1717 762 1781 Novum
788 1714 958 1794 Castrum,
986 1719 1022 1780 91
1051 1715 1093 1781 (19
1119 1715 1275 1780 custodia
1298 1735 1415 1779 corum

270 1804 387 1868 evasit.
433 1801 1053 1883 1199999999,9911199111111919999
1079 1802 1235 1886 Heyrun,
1259 1801 1348 1886 99911
1371 1801 1413 1867 (19

226 1903 234 1922 ·
269 1891 386 1957 eadem
397 1889 515 1954 villata
530 1889 563 1975 vj
576 1890 619 1953 m'
635 1911 696 1974 pro
707 1889 870 1975 praedicta
879 1889 1044 1968 evasione,
1055 1888 1131 1954 ideo
1141 1889 1185 1954 ad
1194 1889 1361 1975 judicium
1373 1889 1414 1955 de

270 1978 425 2043 evasione
437 1998 537 2062 super
545 1976 788 2043 vicecomitem.
819 1977 864 2042 Et
876 1977 1044 2060 juratores
1060 1976 1180 2041 dicunt
1195 1997 1296 2062 super
1305 1996 1415 2041 sacra-

269 2067 421 2131 mentum
436 2085 533 2128 suum
550 2065 637 2148 quod
652 2063 832 2149 9999119199
842 2063 1010 2128 Robertus
1027 2083 1094 2127 non
1111 2067 1164 2128 991
1179 2062 1358 2149 culpabilis
1373 2062 1415 2127 de

269 2151 578 2236 aliquomalefacto.
602 2150 808 2216 Idecredeat
820 2150 849 2214 si
859 2150 951 2231 velit,
959 2155 1012 2215 set
1021 2149 1415 2237 catallaejusconfiscan-

269 2244 327 2303 tur
334 2260 396 2324 pro
410 2238 506 2323 fuga.
552 2237 685 2303 Catulla
700 2238 775 2324 ejus
792 2237 840 2323 xij
853 2238 890 2319 ε’,
899 2237 990 2302 unde
1005 2238 1187 2303 vicecomes
1203 2237 1414 2323 respondeat.

333 2376 509 2442 Juratores
525 2379 734 2460 praesentant
756 2377 847 2460 quod
870 2376 992 2441 Petrus
1019 2375 1143 2460 Grupir
1167 2375 1209 2441 de
1235 2374 1414 2455 Oclevvell’,

268 2463 435 2529 trahendo
445 2463 614 2548 quandam
630 2462 792 2548 sagittam
809 2465 852 2528 ad
862 2465 1032 2548 quandam
1041 2463 1242 2544 columbam,
1252 2462 1415 2615 praedicta

271 2550 401 2636 sagitta
425 2571 484 2635 per
509 2549 737 2616 infortunium
763 2551 967 2635 repercussit
991 2549 1177 2615 Uctredum
1201 2549 1251 2614 Fa
1275 2571 1348 2613 rum
1373 2549 1415 2614 de

270 2636 474 2716 Boclaunde‚
490 2641 526 2701 et
539 2637 651 2723 ipsum
666 2637 843 2702 interfecit
862 2638 971 2702 invito
997 2641 1033 2702 91
1057 2637 1228 2703 nesciente
1254 2635 1415 2720 praedicto

269 2725 383 2789 Petro.
429 2725 476 2788 Et
490 2723 580 2789 idem
601 2723 724 2789 Petrus
749 2724 866 2789 statim
893 2724 987 2809 fugit
1013 2728 1049 2789 91
1072 2723 1321 2804 malecreditur,
1337 2723 1413 2788 ideo

270 2811 684 2912 9919919991911999199.Ι
722 2810 855 2877 Catulla
870 2814 942 2897 ejus
969 2812 992 2896 ij
1002 2812 1039 2891 ε’,
1055 2812 1145 2875 unde
1159 2811 1343 2876 vicecomes
1365 2831 1416 2928 99-

269 2897 1413 3070 11111191111111111111131111111111111ῗὲ111119

271 3073 464 3162 9199919111
478 3073 576 3138 breve
592 3072 721 3138 domini
736 3073 852 3158 Regis,
868 3094 929 3159 per
948 3073 1039 3157 quod
1059 3072 1216 3137 dominus
1239 3072 1314 3139 Rex
1339 3093 1414 3158 999-

271 3160 410 3225 donavit
425 3161 456 3224 91
470 3159 666 3246 praedictam
686 3166 839 3240 mortem,
855 3161 891 3223 in
916 3160 987 3225 haec
1001 3160 1121 3225 verbex
1156 3160 1325 3225 Henricus
1349 3159 1414 3225 Dei

334 3247 394 3328 tia,
420 3251 484 3312 eto.
540 3246 663 3312 Sciatis
690 3247 779 3331 quod
802 3247 1063 3332 perdonavimus
1092 3246 1194 3312 Petro
1220 3246 1351 3331 Graper
1373 3247 1415 3311 de

272 3269 428 3401 ffiewell
443 3337 570 3399 sectam
584 3333 677 3419 pacis
694 3338 827 3414 nostra,
838 3355 910 3418 quas
926 3334 969 3399 ad
984 3354 1046 3399 nos
1061 3333 1221 3420 pertinet,
1233 3336 1415 3419 99999919

273 3421 414 3487 Uctredi
436 3420 538 3486 Fabri
561 3422 602 3486 de
629 3421 814 3502 Boclaund,
830 3441 929 3505 quem
958 3421 1048 3486 idem
1078 3420 1200 3486 Petrus
1225 3441 1286 3505 per
1309 3420 1418 3485 infor·

272 3509 408 3573 tunium
428 3507 613 3588 interfecit,
629 3509 718 3574 siout
743 3529 803 3592 per
827 3507 1096 3592 inquisitionem,
1112 3530 1212 3593 quam
1237 3507 1317 3573 inde
1344 3508 1416 3572 fieri

271 3595 427 3677 fecimus,
443 3596 644 3680 accepimus,
660 3600 696 3659 et
716 3595 824 3662 eidem
846 3595 946 3662 Petro
971 3598 1101 3660 firmam
1124 3616 1241 3681 pacem
1263 3599 1416 3661 nostram

274 3683 497 3764 concedimus,
520 3683 572 3748 119
596 3685 732 3746 tantum
759 3684 849 3766 quod
875 3684 947 3769 ipse
975 3685 1044 3748 stet
1073 3682 1110 3746 in
1133 3687 1226 3748 recto
1255 3682 1293 3746 in
1323 3683 1417 3747 curia

272 3773 400 3850 nostra,
417 3769 447 3835 si
462 3769 536 3854 quis
551 3769 631 3834 inde
645 3791 760 3835 versus
777 3791 854 3836 eum
868 3769 961 3854 19991
975 3769 1129 3836 99199911.
1175 3770 1217 3833 19
1241 3769 1340 3855 cujus
1369 3768 1418 3835 rei

240 3906 242 3910 ,
273 3857 519 3938 testimonium,
531 3861 596 3921 etc.
641 3857 687 3920 Et
702 3877 804 3940 quare
820 3857 977 3921 dominus
992 3857 1065 3924 Rex
1081 3857 1246 3924 concessit
1259 3857 1417 3940 eipacem

222 4017 223 4022 γ
274 3966 369 4010 suam
385 3945 466 4008 dum
480 3945 580 4008 modo
595 3945 666 4029 ipse
682 3946 791 4008 staret
805 3949 909 4028 99919,
923 3945 1013 4009 91991
1027 3943 1223 4028 praedictum
1239 3948 1302 4023 est,
1312 3943 1417 4008 inter·

273 4036 414 4117 rogatus
429 4034 482 4096 est
496 4029 610 4112 semel,
625 4030 688 4110 bis,
703 4034 767 4110 ter,
784 4031 813 4096 si
828 4025 951 4115 aliquis
971 4051 1012 4096 ex
1038 4031 1236 4117 parentibus
1264 4031 1418 4116 ejusdem

273 4118 415 4184 Uctredi
429 4118 483 4185 991
496 4117 618 4203 aliquis
634 4117 721 4219 alius
735 4117 819 4183 velit
834 4118 933 4220 99991·
942 4139 1055 4220 versus
1068 4139 1154 4219 eum,
1165 4119 1265 4182 modo
1278 4117 1420 4218 veniant

274 4206 615 4379 {tiattttali
630 4226 710 4358 1111
726 4211 872 4378 {itti
889 4205 1419 4377 tititlllrlfilltiffpll

338 4437 513 4504 Walterus
529 4438 571 4503 (19
594 4437 747 4504 (11999191
773 4437 898 4504 occidit
920 4437 1114 4505 Johannem
1141 4439 1182 4504 de
1209 4436 1334 4518 Ridal’,
1351 4457 1419 4503 ser-

1612 4330 1618 4535 „

308 4576 316 4608 ¹
328 4575 392 4628 East
403 4575 561 4642 Ohivington
575 4575 618 4640 (1),
629 4574 797 4642 Aoklington,
809 4575 910 4640 11919911,
919 4575 970 4628 and
981 4575 1153 4640 Baianum,
1161 4575 1189 4626 in
1201 4573 1324 4642 Morpeth
1330 4575 1421 4627 Ward.
1603 4570 1613 5053 9
