3264 5110
359 560 472 608 666666
495 561 594 623 noan,
617 559 956 620 66666666666666,
980 538 999 604 7
1023 559 1110 604 666.
1135 559 1159 603 1.
1271 536 1336 601 359

191 711 629 783 61666161661161661666661
641 715 686 782 61
700 714 815 781 omnia
824 713 952 802 placita
965 713 1010 780 61
1024 712 1158 779 Novum
1170 709 1341 789 Castrum,

191 800 316 867 debent
336 804 469 869 obviare
489 802 818 871 116116166116166116
841 802 886 867 61
909 802 1018 889 capud
1041 800 1128 868 611166
1154 799 1195 866 16
1220 799 1341 866 Gatas-

191 886 299 954 hevad
314 889 358 956 61
372 891 540 975 quendam
559 893 691 957 fontem
715 891 773 976 qui
793 893 933 957 vocatur
954 888 1076 970 (1161116,
1097 891 1133 957 61
1157 889 1273 973 petere
1296 885 1340 950 ab

191 974 241 1041 616
265 975 442 1044 libertates
469 999 559 1061 suas,
584 977 838 1046 61666166116
864 976 1018 1064 partibus
1041 975 1195 1042 Eboraci.
1240 972 1340 1038 Etsi

191 1061 283 1129 16616
308 1065 491 1152 contigerit
516 1066 607 1151 quod
634 1066 773 1132 veniant
806 1065 849 1131 16
880 1064 1035 1150 partibus
1060 1059 1339 1141 cumberlandia,

191 1153 275 1217 1666
310 1152 436 1219 debent
464 1153 600 1220 obviare
640 1152 688 1221 ais
719 1153 810 1240 apud
834 1152 1061 1219 Fourestanes
1097 1149 1150 1218 661
1187 1148 1268 1214 alibi
1302 1147 1339 1211 in

191 1236 348 1324 ingressu
362 1240 553 1307 comitatus.
599 1240 645 1306 as
669 1239 823 1328 praedicti
847 1238 1040 1305 Justioiarii
1065 1237 1190 1304 debent
1216 1235 1341 1301 delibe-

191 1345 267 1391 rare
296 1326 346 1393 616
379 1327 529 1415 capitula
559 1349 660 1414 super
690 1329 811 1414 quibus
841 1327 952 1394 coron'
990 1325 1118 1392 domini
1154 1323 1260 1409 Regis
1297 1322 1341 1387 ad

191 1411 376 1497 placitaud'
391 1414 429 1481 in
442 1415 658 1482 libertatibus
674 1415 745 1481 suis
759 1437 820 1502 per
841 1416 950 1481 visum
973 1413 1073 1479 66166
1088 1411 1197 1478 fidelis
1213 1409 1342 1477 domini

191 1499 295 1586 Regis
311 1502 360 1568 eis
374 1503 542 1590 assignati
555 1524 616 1590 per
637 1502 1056 1590 666116166166116166166,
1072 1505 1108 1566 61
1122 1501 1187 1566 hoc
1202 1501 1340 1564 tantum

192 1587 230 1652 in
243 1588 402 1742 litlot-gato
417 1590 546 1665 Prioris
561 1591 603 1660 de
617 1591 780 1658 Tinemue
794 1591 830 1658 61
845 1589 991 1656 Gilberti
1013 1590 1055 1655 de
1072 1586 1290 1654 Humiravill’
1306 1587 1342 1652 61

191 1695 261 1741 666
310 1699 369 1743 11.

257 1814 310 1881 De
324 1814 540 1883 libertatibus
556 1837 630 1902 quaa
644 1815 825 1902 inpediunt
839 1834 1051 1881 communem
1062 1810 1248 1899 justiciam,
1264 1813 1342 1891 sta,

192 1901 323 1967 dicunt
338 1903 427 1988 quod
450 1904 634 1990 burgenses
659 1905 701 1970 16
726 1903 823 1969 Novo
846 1901 966 1968 Castro
988 1902 1047 1986 qui
1061 1904 1182 1966 tenent
1196 1901 1342 1985 burgum

192 1987 277 2055 illud
300 1989 341 2055 16
364 1990 501 2057 domino
527 1991 632 2078 Rege,
657 1990 833 2057 occasione
854 1989 1025 2055 libertatis
1040 2009 1110 2054 suas
1131 1987 1344 2072 distringimt

193 2075 324 2161 aliquos
350 2077 409 2162 qui
429 2099 500 2144 non
523 2083 604 2145 sunt
627 2077 733 2165 plegii
755 2098 817 2143 666
842 2076 1012 2143 debitores
1033 2096 1095 2162 pro
1122 2075 1245 2140 debitis
1272 2073 1342 2139 6616

194 2166 313 2228 contra
327 2184 539 2232 communem
564 2165 739 2251 justiciam
764 2165 808 2230 ad
830 2164 1015 2229 maximum
1037 2163 1221 2248 dampnum
1236 2160 1344 2227 totius

193 2250 341 2405 imma
368 2253 415 2316 Et
437 2252 502 2318 hoc
531 2255 612 2320 ante
636 2255 827 2333 statutum,¹
866 2254 902 2317 61
925 2272 993 2317 666
1019 2253 1108 2337 post.
1153 2249 1236 2316 Ideo
1265 2248 1345 2313 1616

206 2358 317 2423 oquen
340 2360 410 2406 um.

366 2479 506 2545 Bassus
528 2499 573 2544 66
596 2478 693 2546 Novo
715 2477 849 2545 (166666
870 2499 974 2543 vatur
996 2499 1063 2542 666
1085 2479 1190 2542 arram.
1289 2530 1293 2548 .

259 2600 435 2666 Juratores
449 2604 660 2686 praesentant
675 2601 765 2686 quod
780 2601 915 2685 quidem
924 2600 948 2665 J
949 2599 1101 2666 ohannes
1113 2598 1214 2664 Burei
1226 2598 1346 2681 captus

195 2707 256 2774 pro
280 2686 470 2772 suspicione
496 2687 667 2754 latrocinii
689 2692 726 2755 61
748 2688 981 2773 inprisonatus
996 2691 1077 2752 ante
1092 2684 1252 2750 ultimum
1267 2684 1344 2748 1166.

195 2775 241 2840 ut
264 2774 301 2839 16
325 2775 442 2842 eodem
463 2775 587 2841 itinere
609 2775 727 2842 661666
743 2795 918 2862 seponere
942 2773 979 2838 in
1002 2775 1118 2859 jurata
1141 2772 1242 2857 burgi
1256 2769 1346 2836 Novi

195 2860 310 2946 (166161
328 2883 441 2928 coram
457 2863 669 2947 justiciariis,
693 2863 927 2930 recommissus
949 2861 1020 2925 1611
1040 2860 1159 2944 gaiolas
1181 2859 1281 2944 burgi
1303 2857 1345 2922 (16

194 2949 292 3014 Novo
315 2948 447 3015 Castro.
491 2951 539 3015 111
564 2953 683 3036 postea
707 2949 880 3036 prisonam
904 2947 998 3014 illam
1019 2947 1128 3033 fregit
1143 2951 1179 3012 61
1193 2946 1287 3031 fugit
1301 2944 1345 3010 ad

195 3034 371 3103 ecclesiam
413 3035 532 3103 Sancti
575 3037 733 3104 Nioholai
769 3040 806 3103 61
842 3034 1011 3122 abjuravit
1054 3056 1196 3121 regnum
1233 3054 1347 3099 coram

196 3127 407 3190 6666661666.
451 3123 534 3192 1166
556 3125 600 3191 61
618 3124 784 3210 judicium
799 3123 1011 3191 decursione
1026 3142 1127 3208 super
1148 3121 1347 3208 pradictum

195 3211 352 3296 burgum.

261 3331 434 3418 Margeria
449 3331 490 3396 16
505 3331 643 3397 Oatton'
659 3331 781 3399 cecidit
795 3331 837 3396 16
853 3330 998 3416 quodam
1010 3329 1136 3394 batallo
1152 3328 1189 3393 in
1203 3347 1290 3412 aqna
1305 3326 1346 3391 16

196 3419 282 3484 Tine
298 3423 346 3487 et
375 3419 566 3484 submersit.
612 3418 736 3484 Nullus
765 3419 844 3484 1616
870 3417 1117 3483 661666611166.
1164 3413 1346 3495 iudicium,

195 3505 435 3572 infortunium.
466 3505 622 3572 Precium
631 3506 749 3572 batelli
757 3506 783 3592 ij
791 3507 828 3587 s',
838 3505 929 3571 6616
940 3505 1122 3570 vicecomes
1130 3502 1344 3588 respondeat.

197 3593 334 3659 Primus
350 3593 508 3658 inventor
522 3614 591 3659 666
606 3593 777 3660 66611666
798 3592 1038 3659 malecreditur
1062 3596 1098 3657 61
1122 3590 1192 3656 tuit
1218 3589 1345 3655 616611-

196 3685 274 3835 6111ιέ6
297 3701 358 3768 per
383 3681 575 3748 Johannem
601 3681 642 3748 16
667 3681 842 3746 Βι6161161
865 3683 901 3746 61
923 3678 1097 3759 Absolon',
1120 3677 1196 3743 ideo
1219 3675 1285 3763 ipsi
1309 3676 1346 3740 in

261 3889 365 3976 Hugo
390 3889 431 3954 16
454 3885 835 3970 116661616111611116,
861 3906 946 3952 uxor
971 3907 1043 3966 666,
1069 3885 1220 3952 66166166
1233 3885 1347 3952 lavare

195 3997 327 4062 pannos
355 3975 497 4042 16116166
526 3976 564 4040 16
593 3997 682 4060 aqua
711 3976 752 4041 16
782 3975 887 4060 Tyue,
911 3977 946 4041 et
976 3995 1065 4059 aqua
1087 3972 1139 4038 ita
1162 3972 1344 4037 inundavit

196 4083 376 4219 6666
396 4059 1346 4233 11111111111111111111111

636 4199 646 4231 2

195 4237 375 4306 Nemoster
404 4241 439 4304 61
469 4239 661 4304 Johannem
691 4237 859 4302 Sutorem.
904 4235 987 4301 1166
1013 4234 1080 4320 ipsi
1106 4234 1144 4298 16
1167 4233 1254 4298 mis'.
1300 4234 1347 4298 111
1465 4321 1467 4324 ¹

191 4327 360 4412 juratores
376 4325 508 4390 nullum
522 4328 811 4412 praesentaverunt
825 4323 1037 4389 inventorem
1063 4322 1101 4386 in
1124 4322 1192 4387 ista
1215 4321 1347 4406 loquela

196 4414 234 4478 in
248 4411 416 4480 666611616
431 4433 502 4495 666,
516 4413 593 4480 1166
608 4413 646 4477 16
661 4412 749 4480 mis’.

382 4557 390 4592 ¹
408 4559 455 4612 866
466 4559 530 4613 sat
542 4559 570 4611 61
580 4557 767 4612 westminster
778 4555 824 4612 the
834 4557 900 4620 1661,
911 4558 927 4608 ³
938 4555 1012 4609 116.
1024 4553 1057 4618 1.,
1068 4567 1123 4620 cap.
1134 4555 1176 4606 28.
