3272 5092
274 501 337 565 262
445 521 1046 584 ass1zu·nonu,noaruuunnanann,
1071 499 1090 566 7
1112 519 1200 565 unu.
1224 519 1248 562 1.
1277 483 1283 504 ’

342 675 438 741 Idem
453 676 632 764 Philippus
648 677 709 743 dat
724 676 899 742 dimidiam
915 677 959 741 m'
969 697 1030 764 pro
1044 675 1185 741 licentia
1199 665 1423 739 concordandi

278 785 354 828 cum
381 763 536 829 Galfrido
561 765 628 829 filio
653 763 804 850 Philippi
825 766 866 832 de
892 764 1098 842 Oraweden',
1124 762 1166 828 de
1189 759 1315 846 placito
1341 776 1425 820 war-

279 850 399 915 rantiae
415 855 526 916 carta.
572 853 618 916 Et
634 853 785 917 habeant
800 852 1058 938 cyrographum,
1075 854 1140 915 etc.

343 989 515 1070 Alienora,
532 1011 606 1074 quae
614 990 683 1054 fuit
699 1010 785 1054 uxor
800 989 985 1055 Alexandri
996 990 1038 1053 de
1052 985 1207 1074 Baylliol,
1224 981 1425 1067 Radulphus

279 1075 320 1140 de
351 1075 485 1166 Cotum,
517 1077 683 1162 Magister
712 1077 815 1161 Hugo
836 1078 877 1141 de
907 1077 940 1141 la
971 1075 1173 1154 Wodehall',
1197 1079 1231 1140 et
1259 1070 1426 1154 Magister

280 1162 384 1246 Hugo
408 1164 449 1228 de
476 1165 678 1248 Oorrebrig',
703 1170 899 1229 executores
924 1162 1123 1228 testamenti
1147 1157 1300 1246 praedicti
1326 1156 1425 1220 Alex-

279 1250 391 1330 andri,
408 1251 606 1315 summoniti
622 1253 763 1317 fuerunt
778 1253 821 1316 ad
837 1250 1107 1336 respondendum
1123 1247 1266 1334 Hugoni
1278 1245 1320 1310 de
1335 1244 1424 1308 Eure

279 1342 315 1400 et
345 1337 495 1402 Henrico
527 1338 673 1425 Spryng,
704 1338 937 1405 executoribus
963 1337 1164 1404 testamenti
1194 1331 1353 1418 Hugonis
1383 1330 1424 1394 de

279 1423 434 1504 Balliolo,
462 1426 504 1488 de
524 1425 650 1510 placito
674 1427 763 1511 quod
782 1427 928 1492 reddant
953 1424 1013 1506 eis,
1034 1423 1157 1489 catalla
1180 1423 1222 1488 ad
1242 1419 1424 1485 valentiam

280 1514 415 1575 eentum
444 1516 480 1576 et
503 1514 683 1598 sexaginta
701 1514 749 1593 li',
770 1534 845 1597 quae
863 1514 912 1578 eis
936 1513 1062 1597 injuste
1081 1510 1248 1588 detinent,
1270 1509 1335 1572 etc.
1379 1504 1426 1568 111

280 1597 440 1662 Alienora
467 1599 584 1664 etalii
611 1601 752 1664 veniunt
779 1605 814 1667 et
837 1598 1032 1664 concordati
1058 1602 1140 1662 aunt
1157 1617 1218 1681 per
1240 1591 1423 1658 licentiam.

280 1685 326 1748 Et
340 1684 503 1751 Alienora
518 1685 579 1750 dat
593 1687 822 1771 quadraginta
836 1688 872 1765 ε’,
888 1708 950 1772 pro
961 1685 1100 1751 licentia
1115 1679 1351 1760 concordandi,
1367 1699 1427 1762 per

280 1772 430 1855 plegium
446 1773 583 1837 'Phornae
599 1775 640 1836 de
661 1773 842 1858 Clyvedon.
888 1775 934 1838 Et
957 1777 1010 1838 est
1035 1771 1215 1839 concordia
1235 1768 1314 1833 talis
1336 1765 1425 1850 quod

280 1860 441 1943 praedicta
470 1859 632 1925 Alienora
662 1883 778 1944 prose
804 1867 838 1924 et
861 1883 922 1946 pro
952 1861 1028 1924 aliis
1053 1857 1327 1924 coerecutoribus
1355 1852 1425 1952 suis

280 1946 456 2029 cognoscit
479 1969 513 2012 se
536 1949 656 2012 debere
672 1949 841 2031 praedictis
859 1949 999 2033 Hugoni
1015 1952 1050 2012 et
1065 1946 1223 2024 Hem-icc,
1240 1946 1425 2009 executori-

280 2033 342 2096 bus
354 2035 552 2098 testamenti
564 2035 718 2119 praedicti
734 2035 892 2120 Hugonis
902 2035 944 2098 de
956 2033 1121 2111 Balliollo,
1132 2037 1268 2098 centum
1278 2031 1321 2093 m’
1337 2026 1426 2092 unde

278 2120 422 2185 reddent
448 2121 496 2186 eis
522 2122 566 2184 ad
589 2122 813 2186 Pentecosten
830 2123 893 2186 hoc
917 2143 1007 2184 auno
1029 2119 1243 2186 medietatem
1264 2121 1303 2182 et
1324 2115 1425 2180 aliam

280 2207 496 2272 medietatem
513 2209 555 2272 ad
577 2211 705 2274 festum
722 2209 839 2274 Sancti
858 2208 1001 2273 Martini
1018 2207 1171 2293 proximo
1192 2225 1344 2289 sequens.
1378 2201 1425 2264 111

279 2293 345 2358 nisi
367 2295 523 2372 iecerint,
545 2296 734 2360 concedunt
753 2297 842 2381 quod
857 2297 1041 2360 vicecomes
1060 2295 1133 2358 fieri
1148 2294 1255 2358 faciat
1270 2292 1311 2357 de
1326 2287 1425 2353 terris

278 2385 314 2444 et
329 2381 471 2446 catallis.
527 2383 573 2446 Et
599 2405 660 2467 pro
688 2384 762 2461 hac,
788 2391 864 2462 etc,
895 2382 1048 2467 praedicti
1074 2381 1178 2465 Hugo
1203 2381 1246 2444 de
1270 2379 1360 2442 Eure
1390 2377 1425 2438 et

279 2467 447 2532 Hernicus
463 2469 646 2533 remittunt
661 2469 709 2534 eis
725 2471 896 2534 residuum
912 2469 1066 2554 praedicti
1081 2466 1198 2546 debiti,
1215 2469 1279 2532 etc.

339 2613 502 2692 Luciana,
518 2636 593 2698 qum
607 2614 677 2678 fuit
692 2637 778 2679 uxor
792 2615 929 2681 Thomae
945 2615 1104 2700 Ingeram
1124 2614 1165 2680 de
1187 2610 1424 2696 Waringham‚

277 2722 350 2783 quae
365 2702 449 2764 tulit
464 2701 562 2766 breve
578 2723 672 2766 novae
689 2702 874 2768 disseisinae
890 2724 1006 2767 versus
1025 2702 1183 2787 Ingeram
1206 2700 1248 2763 de
1263 2697 1424 2780 Waring-

277 2788 353 2850 ham
371 2790 406 2851 et
427 2787 641 2867 Willelmurn,
657 2789 808 2854 Priorem
819 2791 860 2854 de
877 2791 1002 2854 Sancto
1018 2788 1184 2868 Oswaldo,
1198 2788 1239 2852 de
1254 2783 1425 2884 communi

277 2875 311 2936 in
338 2874 497 2956 Elsford',
522 2897 589 2939 non
616 2880 668 2940 est
688 2881 875 2961 prosecuta.
931 2877 1013 2941 Ideo
1033 2877 1107 2961 ipsa
1129 2879 1165 2939 et
1185 2873 1290 2960 plegii
1308 2893 1361 2936 sm
1382 2870 1424 2935 de

275 2963 506 3060 prosequendo
530 2963 565 3024 in
591 2963 677 3042 mis'‚
706 2964 845 3044 sedicet,
872 2964 1018 3028 Thomas
1046 2964 1087 3027 de
1114 2959 1377 3062 Hagardeston’·
1390 2961 1427 3021 et

275 3047 468 3199 {lfflessmus
479 3049 520 3113 de
536 3049 673 3135 Hopyn.
712 3052 757 3115 Et
767 3051 919 3135 praedicti
933 3051 1027 3116 Prior
1041 3054 1076 3115 et
1088 3049 1249 3135 Ingeram
1260 3046 1340 3112 rude
1351 3065 1425 3111 arne

299 3157 342 3214 re,
359 3156 377 3200 e
397 3157 424 3200 c.

342 3271 580 3336 Gwischardus
607 3273 648 3338 de
679 3274 844 3338 Charrum
868 3278 903 3340 et
932 3273 1088 3355 Isabella,
1113 3295 1198 3338 uxor
1227 3272 1314 3357 ejus,
1342 3271 1427 3336 daut

277 3358 400 3442 viginti
425 3361 450 3420 s'
481 3381 542 3442 pro
572 3359 711 3425 licentia
740 3361 967 3426 concordandi
997 3384 1073 3426 cum
1104 3360 1323 3427 Gwischardo
1352 3357 1423 3422 filio

277 3445 485 3510 Gwischardi
513 3446 554 3511 de
582 3446 759 3528 Oharrum,
788 3449 827 3515 de
857 3449 983 3533 placito
1010 3447 1196 3513 warrantiae
1222 3450 1333 3512 cartae.
1378 3445 1426 3509 Et

275 3532 425 3595 habeant
440 3535 711 3618 cyrographum,l
728 3539 791 3600 etc.

341 3668 459 3734 Assisa
469 3671 562 3734 venit
572 3673 788 3756 recognitum
797 3673 825 3737 si
836 3673 975 3754 Editha,
987 3695 1060 3757 quae
1074 3673 1144 3738 fuit
1156 3695 1240 3738 uxor
1255 3673 1277 3737 J
1279 3671 1424 3737 ohannis

276 3753 306 3818 lc
329 3755 446 3836 Feure,
463 3761 572 3821 mater
596 3759 689 3822 Petri
706 3759 767 3823 filii
790 3759 959 3825 Johannis
981 3760 1013 3826 le
1035 3761 1152 3840 Feure,
1169 3759 1238 3825 1111
1254 3759 1371 3824 saisita
1387 3759 1424 3822 in

276 3842 443 3907 dominico
468 3865 529 3908 suo
554 3848 594 3906 ut
618 3846 659 3908 de
683 3845 783 3911 feodo
810 3847 851 3910 de
875 3848 984 3912 tribus
1009 3847 1099 3913 rodis
1121 3852 1217 3914 terrae
1244 3869 1320 3912 cum
1349 3867 1423 3932 per·

274 3929 431 3993 tinentiis
448 3931 484 3994 in
500 3931 621 4014 Byker,
639 3932 692 3997 die
709 3954 785 4017 quo,
803 3937 867 3998 etc.
918 3935 963 3998 llt
979 3936 1020 4014 si,
1036 3941 1099 4002 etc.
1145 3935 1238 4016 Quas
1258 3934 1421 4000 Ricardus

274 4016 365 4079 filius
384 4017 505 4101 Rogeri
522 4019 563 4081 de
581 4019 677 4083 Novo
692 4019 813 4084 Castro
829 4042 929 4106 super
940 4021 1070 4106 Tynam
1086 4026 1192 4103 tenet,
1205 4021 1263 4105 qui
1280 4021 1374 4088 venit
1389 4024 1424 4085 et

275 4103 359 4166 alias
376 4110 472 4167 vocat
488 4106 531 4169 ad
548 4113 753 4170 warrantum
768 4107 969 4187 Dionisiam,
994 4131 1068 4193 quae
1082 4109 1153 4173 fuit
1176 4130 1261 4173 uxor
1277 4107 1421 4173 Bartho—

274 4189 382 4253 lommi
409 4189 440 4254 le
466 4191 576 4256 Olcrk'
604 4193 645 4257 de
672 4193 767 4258 Novo
794 4195 925 4275 Castro,
951 4217 1023 4279 quae
1047 4196 1078 4260 ei
1103 4196 1330 4260 warrantizat.
1376 4196 1423 4259 Et

274 4287 371 4341 vocat
385 4277 464 4343 inde
480 4279 622 4343 ulterius
639 4281 681 4344 ad
699 4292 903 4346 warrantum
922 4283 1029 4347 Adam
1045 4283 1152 4347 filiurn
1168 4283 1420 4348 Bartholomaei.

274 4364 320 4427 at
344 4363 415 4448 ipse
440 4387 509 4429 non
533 4366 637 4446 venit,
661 4370 697 4431 et
721 4368 806 4434 alias
831 4369 917 4434 fecit
947 4369 1124 4450 defaltum,
1150 4369 1290 4452 scilicet,
1320 4392 1342 4435 a
1368 4369 1423 4434 die

419 4509 426 4540 ¹
441 4511 486 4563 See
499 4511 645 4576 Appendix,
659 4515 717 4564 Fect
728 4518 760 4580 of
770 4517 850 4577 Pinea,
863 4499 1019 4577 Nortlrnml,
1033 4519 1102 4569 Educ.
1118 4519 1148 4578 l,
1164 4519 1212 4570 No.
1226 4523 1266 4570 31.
