3280 5112
374 547 488 592 unsrun
510 547 610 613 noan,
633 547 974 610 uonrnuuannmun,
997 529 1041 592 40
1064 548 1146 594 nnn.
1170 549 1224 594 111.
1337 529 1378 592 23

222 700 445 766 antecessoris
457 721 518 784 per
530 701 597 766 duo
607 700 733 780 brevia,
746 722 807 786 por
817 700 969 786 plegium
979 700 1144 766 Willelmi
1156 702 1197 767 de
1210 700 1378 767 Ooleuell'

223 788 259 849 et
274 786 417 852 Hoberti
432 788 474 851 de
489 787 683 874 Olyvedon'.
730 789 776 852 Et
791 788 943 853 habeant
958 789 1216 875 cyrographum.

288 905 362 987 Ela,
392 927 479 1008 uxor
506 907 677 973 Johannis
707 908 749 972 de
778 908 920 1060 Egdale,
950 909 1048 994 ponit
1078 909 1151 974 loco
1183 929 1244 974 suo
1265 908 1378 1010 ipsum

224 990 246 1056 J
248 992 418 1060 ohannem
433 1015 542 1058 vuum
558 1015 657 1058 suum
672 1015 788 1062 versus
829 997 975 1060 imonem
988 995 1020 1061 le
1029 996 1176 1061 Paumer
1188 999 1224 1062 et
1234 995 1379 1061 Ahciam

223 1099 361 1144 uxorem
377 1083 449 1166 ejus
465 1082 507 1145 de
521 1081 649 1166 placito
664 1087 774 1162 terrae,
790 1087 855 1148 etc.

288 1200 311 1265 J
313 1201 460 1282 ohanna,
476 1223 562 1266 uxor
576 1200 713 1267 Thomas
725 1202 874 1281 Oorbet,¹
890 1201 990 1286 ponit
1003 1201 1078 1268 loco
1094 1223 1154 1268 suo
1168 1202 1378 1269 Willelmum

224 1285 264 1351 (16
279 1285 446 1354 Oolewcll’
461 1289 515 1353 vel
530 1289 734 1354 Duncamm
750 1289 790 1356 de
812 1288 1068 1374 Wodelington’
1091 1309 1207 1354 versus
1230 1289 1377 1357 Menan·

222 1373 320 1437 drum
336 1373 377 1440 de
392 1373 427 1439 la
440 1375 553 1460 Wage
568 1375 609 1443 de
623 1375 751 1461 placito
767 1376 1054 1441 consuetudinum
1070 1380 1105 1441 et
1121 1377 1345 1444 servitiorum.

288 1493 461 1560 Walterus
485 1495 527 1560 (16
551 1495 654 1559 Δ166’
677 1495 777 1579 ponit
798 1495 873 1560 loco
892 1516 953 1560 suo
967 1495 1162 1560 Walterum
1177 1494 1208 1560 le
1225 1496 1379 1581 Sauvage

222 1579 274 1645 vel
297 1580 509 1647 Willelmum
535 1582 689 1666 Sauvage
712 1603 828 1646 versus
854 1582 1023 1648 Abbotem
1047 1582 1089 1647 de
1111 1583 1314 1668 Hggleston²
1336 1584 1378 1648 de

221 1666 347 1750 placito
362 1668 645 1753 transgressionis
660 1670 752 1734 unde
768 1670 922 1751 queritur
939 1670 1021 1752 (sic).

286 1786 455 1868 Dionisia,
467 1773 554 1853 uror¹
560 1788 719 1853 Fulconis
732 1790 774 1853 de
782 1788 984 1868 Tibenham,
994 1787 1092 1874 ponit
1107 1788 1181 1854 loco
1193 1811 1255 1854 suo
1266 1790 1378 1875 ipsum

221 1873 404 1940 Falconem
434 1874 543 1939 virum
572 1897 671 1940 suum
708 1896 825 1940 versus
860 1874 1074 1940 Willelmum
1111 1876 1299 1942 Tatebaud’
1336 1877 1378 1942 (16

219 1960 347 2044 placito
362 1961 569 2041 nativitatis,
585 1966 650 2027 etc.

285 2079 400 2160 Alina,
430 2101 516 2145 uxor
546 2080 686 2146 Ricardi
716 2079 910 2160 Midelton,³
942 2080 1043 2165 ponit
1076 2081 1151 2147 loco
1175 2103 1235 2147 suo
1265 2081 1379 2167 ipsum
1437 2098 1439 2108 ·

219 2166 404 2232 Ricardum
418 2167 530 2231 virum
545 2189 644 2233 suum
655 2167 708 2232 vel
723 2167 833 2231 Adam
849 2168 891 2232 de
905 2167 1048 2252 'Prewylr
1058 2188 1174 2233 versus
1186 2169 1208 2232 J
1209 2170 1379 2234 ohannem

220 2254 262 2318 de
276 2253 407 2339 Baylol'
423 2259 458 2318 et
473 2254 559 2320 alios
574 2255 611 2318 in
627 2253 721 2319 brevi
736 2254 778 2318 de
792 2254 921 2340 placito
944 2275 1038 2320 novae
1065 2254 1263 2337 dissaisinae,
1285 2257 1378 2321 undo

219 2340 323 2407 iidem
338 2339 504 2405 Ricardus
521 2346 557 2406 et
571 2340 677 2406 Alina
693 2345 774 2406 sunt
790 2344 980 2425 querentes.

283 2460 402 2525 Assisa
428 2461 523 2525 venit
548 2461 768 2546 recognitura
794 2461 824 2525 si
849 2460 1005 2546 Rogems
1022 2461 1167 2545 Samps',
1189 2461 1376 2527 avunculus

219 2547 345 2633 Rogeri
366 2548 429 2611 filii
444 2547 622 2633 Wydonis,
641 2548 712 2612 fuit
735 2547 873 2612 saisitus
896 2548 933 2611 in
956 2547 1126 2613 dominico
1145 2569 1217 2628 sno,
1234 2553 1310 2630 etc,
1335 2549 1377 2616 de

218 2635 328 2699 tribus
344 2634 547 2718 messuagiis
562 2634 878 2784 cumqpertinentiis
894 2634 932 2697 in
948 2634 1144 2720 Westgate⁴
1158 2636 1214 2702 die
1230 2657 1296 2719 quo
1310 2635 1377 2700 iter

220 2742 319 2786 sunm
338 2720 484 2804 arripuit
505 2742 620 2788 versus
673 2742 783 2785 ernam
805 2721 978 2801 Sanctam,
999 2720 1036 2784 in
1052 2742 1118 2805 quo
1138 2722 1261 2788 itinere
1277 2723 1375 2804 obiit,

220 2813 283 2872 etc.
329 2807 430 2888 Etsi,
447 2811 524 2888 etc,
578 2807 660 2888 Qua
676 2807 1052 2891 messuagiaiticardus
1068 2809 1110 2873 de
1125 2807 1374 2874 Hrtildesham⁵

220 2894 276 2977 qui
299 2893 395 2959 venit
418 2898 453 2958 61
476 2894 561 2960 dicit
584 2895 674 2977 quod
696 2892 848 2959 ieoiatus
864 2896 918 2959 est
933 2895 975 2959 de
990 2915 1058 2960 uno
1076 2895 1269 2980 messuagio
1285 2894 1376 2978 quod

220 2981 375 3046 continet
398 2981 560 3065 praedicta
589 2980 659 3045 tria
687 3001 822 3046 messus
849 2981 881 3046 'a
905 3001 967 3066 per
993 2981 1171 3064 quemdam
1192 2981 1374 3062 Simonem,

220 3067 395 3133 custodem
419 3067 613 3153 Hospitalis
645 3067 779 3132 Sancta
845 3067 937 3132 6τὶ66ο
966 3068 1004 3131 in
1026 3067 1219 3152 Westgate,
1250 3073 1285 3132 et
1314 3089 1376 3153 per

218 3154 344 3219 iratres
374 3154 481 3238 ipsius
510 3153 713 3238 Hospitalis.
773 3153 840 3235 Qui
875 3157 989 3220 custos
1019 3153 1106 3220 obiit
1136 3159 1172 3218 et
1200 3157 1300 3220 vocat
1330 3155 1375 3220 ad

219 3244 426 3306 warrantum
452 3241 628 3306 custodem
659 3240 814 3325 ejusdem
838 3239 1041 3324 Hospitalis,
1074 3261 1151 3305 oum
1181 3245 1295 3306 custos
1326 3241 1374 3305 ibi

218 3327 336 3408 fuerit,
358 3350 420 3414 per
441 3332 572 3393 cartam
601 3328 753 3411 ipsorum
783 3327 931 3392 fratrum
963 3329 1005 3392 de
1030 3327 1242 3394 feofamento
1273 3349 1374 3411 quam

218 3415 360 3498 profert,
371 3418 435 3481 etc.
467 3414 549 3480 Ideo
561 3414 639 3480 inde
650 3413 724 3480 sine
736 3414 791 3477 die
802 3434 975 3498 quousque
986 3413 1035 3478 ibi
1046 3413 1154 3477 fuerit
1171 3417 1296 3493 custos,
1308 3418 1373 3493 ato.

285 3535 407 3601 limma
430 3534 501 3599 filia
524 3533 679 3599 Danielis
701 3533 875 3613 Bondrilr’,
899 3555 971 3617 qnae
993 3534 1076 3597 tulit
1094 3534 1238 3598 assisam
1252 3535 1374 3599 mortis

219 3623 442 3686 antecessoris
469 3642 585 3686 versus
609 3620 795 3685 Patricium
818 3620 927 3684 filium
949 3620 1086 3685 Thomae
1110 3622 1152 3685 de
1174 3619 1312 3688 Holtele
1338 3623 1374 3685 61

220 3709 464 3789 Christianam,
495 3730 568 3793 quae
601 3707 672 3773 fuit
701 3730 786 3774 uxor
815 3708 953 3773 Thomas
983 3707 1024 3772 de
1053 3705 1202 3786 Holtele,
1234 3709 1275 3772 de
1306 3729 1373 3772 uno

220 3795 412 3880 messuagio
428 3798 462 3862 et
476 3799 624 3879 quatuor
637 3795 725 3859 acris
738 3799 922 3859 terrsecum
933 3793 1154 3880 pertinentiis
1163 3794 1200 3857 in
1212 3793 1375 3874 Η611616,7

219 3903 288 3947 non
303 3886 357 3946 est
371 3883 560 3964 prosecuta.
606 3879 689 3945 Ideo
711 3879 785 3964 ipsa
805 3880 841 3943 in
866 3880 954 3960 mis',
977 3901 1046 3945 non
1068 3879 1201 3944 invenit
1222 3880 1372 3966 plegium

220 3967 288 4032 nisi
304 3967 417 4049 fidem,
433 3972 498 4033 etc.

254 4137 415 4203 ¹Seep17.
854 4133 963 4200 ‘suppl
993 4141 1065 4187 16661.

252 4201 335 4256 ²'l'he
353 4204 444 4269 Abbey
464 4203 491 4254 oi
510 4203 548 4254 St.
566 4201 644 4267 Many
660 4199 712 4252 and
731 4200 769 4252 st.
854 4198 937 4252 Η1116
989 4202 1081 4266 ospitul
1106 4201 1194 4254 6181.
1224 4201 1301 4267 Μαι]
1325 4202 1371 4254 the

219 4269 292 4321 John
310 4271 356 4321 the
373 4269 475 4334 Baptist
492 4269 519 4319 61
535 4267 685 4333 Ilggleston,
708 4282 769 4320 noar
820 4267 991 4331 Virginmmr
998 4269 1043 4320 tho
1050 4271 1111 4320 west
1118 4271 1177 4334 gnte
1184 4269 1212 4319 61
1220 4269 1372 4332 Newcastle,

220 4335 336 4454 Roksslg,
347 4337 375 4386 in
387 4337 433 4388 the
444 4338 541 4400 county
552 4335 580 4385 61
592 4333 672 4385 York.
820 4333 962 4460 pppsisting
970 4335 997 4385 61
1004 4351 1020 4385 a
1027 4338 1124 4387 master
1131 4334 1182 4386 and
1190 4334 1230 4386 six
1238 4335 1370 4387 brethren.

339 4418 364 4467 p.
377 4405 416 4453 20.
857 4416 941 4452 anm.

253 4467 264 4498 ⁴
281 4467 416 4534 Westgste
438 4467 466 4518 in
489 4468 527 4519 St.
550 4465 643 4520 John's
671 4465 771 4527 Parish,
855 4463 865 4500 7
883 4464 1013 4533 Probably
1024 4466 1137 4519 Howtsll
1152 4466 1182 4518 in
1199 4466 1372 4518 Kirknewton

220 4533 408 4588 CastleWard.
823 4530 924 4584 Purlsh.
