3272 5092
260 524 324 589 196
411 543 525 590 sesmr
549 544 648 603 sonu,
671 541 1011 603 uournmmrnmuu,
1035 521 1077 586 53
1102 542 1186 588 arr.
1209 541 1264 586 111.

261 701 298 765 et
313 702 544 785 cognoverunt
566 719 602 765 se
617 719 690 767 esse
706 697 850 766 villanos
873 701 908 763 et
931 695 1065 763 nativos
1087 695 1243 783 praedicti
1259 694 1411 762 Hemici.

261 787 308 852 nt
320 785 496 853 Gelfridus
511 785 605 852 venit
628 791 663 852 et
678 785 835 852 defendit
848 783 918 850 vim
933 788 969 850 et
987 783 1160 869 injurium,
1176 787 1213 849 et
1234 783 1320 851 bene
1336 804 1414 870 cog-

262 874 357 939 novit
372 873 461 958 quod
483 873 664 960 praedictus
688 872 869 954 Henricus,
885 875 984 958 peter
1004 870 1159 956 praedicti
1174 870 1327 951 Henrici,
1342 871 1413 935 fuit

264 961 400 1028 scisitus
416 961 458 1026 de
473 981 535 1026 svo
550 959 657 1045 ipsius
681 959 829 1028 Gelffidi
844 962 880 1025 et
895 960 936 1026 de
961 962 1059 1044 petre
1078 957 1233 1044 predicti
1252 957 1410 1040 delfidi,

263 1051 304 1113 ut
315 1047 500 1115 devillenis
516 1047 634 1114 suiset
648 1048 690 1114 de
705 1047 789 1134 ipsis
805 1046 949 1127 catellis,
960 1049 1014 1113 set
1024 1045 1114 1110 dixit
1125 1046 1214 1130 quod
1229 1045 1410 1130 predictus

265 1135 447 1216 Henricus,
458 1135 517 1220 qui
532 1134 633 1200 modo
647 1135 736 1221 petit
750 1135 863 1220 ipsum
873 1137 915 1198 ut
922 1133 1085 1198 ville-num
1096 1153 1206 1213 suum,
1216 1131 1416 1198 manumisit

264 1223 387 1308 ipsum,
398 1222 487 1288 unde
502 1222 680 1288 videbutur
694 1221 726 1287 ei
745 1233 749 1240 '
765 1220 830 1287 uod
847 1242 917 1286 non
931 1219 1050 1286 debuit
1064 1219 1096 1285 ei
1112 1220 1321 1305 respondere.
1365 1220 1413 1284 nt

265 1311 445 1396 quaesitum
467 1307 538 1374 fuit
553 1309 597 1374 eb
619 1329 659 1374 eo
675 1309 704 1374 si
764 1307 865 1393 'quod
880 1307 1022 1373 heberet
1044 1327 1106 1393 per
1120 1306 1210 1410 quod
1231 1307 1412 1392 predictus

265 1397 435 1463 Henricus
450 1396 562 1482 ipsum
578 1396 840 1462 manumisisset.
885 1395 932 1460 Et
948 1394 1028 1480 quin
1041 1395 1222 1479 proedrctus
1237 1393 1413 1460 Geliridus

265 1484 372 1550 nichil
394 1483 546 1549 ostendit
560 1483 602 1548 de
618 1482 893 1562 manumissione,
909 1481 975 1546 nisi
999 1481 1141 1567 simplex
1157 1481 1287 1546 dictum
1301 1503 1412 1561 sunm,

265 1571 515 1637 consideratum
537 1570 608 1635 fuit
631 1590 692 1656 per
711 1574 824 1636 totum
849 1570 1060 1649 comitatum,
1082 1568 1222 1648 scilicet,
1237 1568 1292 1633 die
1317 1567 1412 1634 Jovis

264 1658 418 1745 proximo
446 1662 524 1743 post
552 1657 680 1722 festum
709 1657 828 1723 Sancti
856 1655 999 1742 Hyllurii
1028 1676 1119 1720 suno
1148 1655 1278 1721 domini
1307 1655 1413 1741 Regis

265 1765 356 1811 nuno
378 1745 637 1831 quadragesimo
648 1745 804 1830 septimo,
819 1744 909 1829 quod
930 1742 1113 1829 praedictus
1134 1742 1303 1808 Henricus
1318 1763 1412 1808 recu·

264 1837 401 1919 peroret
413 1831 612 1918 predictum
627 1831 832 1911 Gslfridum,
844 1833 885 1894 ut
897 1829 1049 1896 nstivum
1059 1833 1094 1895 et
1103 1830 1290 1915 fugitivum
1302 1851 1412 1910 suum,

265 1941 342 1987 cum
365 1918 520 1985 omnibus
544 1918 676 1985 catellis
697 1919 766 1984 suis
792 1923 828 1985 et
847 1917 931 1982 totis
954 1917 1098 2001 sequelis
1122 1917 1203 1982 suis.
1248 1917 1296 1982 Et
1314 1917 1414 1982 modo

267 2006 361 2073 venit
375 2004 556 2092 predictus
572 2005 749 2073 Geltridus
764 2008 800 2072 et
814 2004 973 2070 similiter
987 2007 1171 2073 sectatores
1187 2006 1296 2070 totius
1311 2004 1412 2069 comi-

267 2097 374 2176 tdtus‚
392 2101 444 2160 set
459 2092 638 2178 praedictus
654 2091 824 2158 Henricus
846 2112 916 2156 non
930 2092 1034 2157 venit.
1079 2091 1125 2156 nt
1146 2092 1331 2158 vicecomes
1346 2095 1412 2156 tes-

266 2185 363 2246 tetur
384 2181 474 2265 quod
498 2179 588 2245 idem
610 2179 781 2246 Henricus
807 2178 915 2245 nichil
940 2179 1045 2246 hebet
1069 2179 1106 2243 in
1128 2178 1252 2244 bellive
1278 2200 1341 2244 sue
1354 2178 1413 2243 ubi

168 2285 173 2296 ·
265 2267 375 2355 possit
403 2266 613 2348 summoniri,
637 2287 699 2334 nec
725 2271 822 2332 extre
857 2265 1051 2332 libertatem
1089 2266 1248 2352 Episcopi
1284 2265 1413 2330 Dunol-

268 2355 393 2422 mensis
423 2354 514 2420 iuter
538 2353 672 2420 Tesium
693 2357 729 2421 et
751 2354 891 2439 Tyuem
935 2353 982 2418 Et
1012 2356 1196 2419 secte-tores
1221 2353 1354 2439 quaesiti
1384 2352 1413 2416 si

268 2442 434 2509 advocent
465 2441 663 2544 praedictum
684 2442 871 2521 recordum,
892 2441 1011 2506 dicunt
1036 2441 1126 2525 quod
1149 2439 1208 2506 sic.
1263 2441 1311 2505 nt
1333 2439 1411 2506 Gul-

268 2528 379 2595 tm'dus
410 2528 494 2594 dicit
519 2529 609 2613 quod
630 2528 698 2614 ipsi
721 2528 847 2594 ielsum
877 2527 1034 2595 fecerunt
1062 2527 1239 2614 judicium,
1266 2532 1301 2594 et
1325 2527 1414 2593 falso

269 2615 529 2684 recordsvemnt
554 2615 722 2700 loquelam
751 2615 958 2702 predictam,
985 2617 1021 2680 et
1049 2615 1138 2701 quod
1163 2615 1290 2680 bonum
1316 2636 1415 2680 suum

269 2704 451 2784 subticent,
467 2707 503 2769 et
527 2702 654 2768 melum
669 2724 769 2768 suum
785 2702 1016 2783 recordentur,
1033 2703 1112 2787 quie
1131 2701 1215 2769 dicit
1229 2701 1320 2787 quod
1342 2702 1414 2788 ipse

268 2791 706 2945 ttffstttlill
721 2789 1416 2943 :uttfflztttmetlllt't

413 2927 422 2958 ,
673 2924 681 2935 ,

269 2964 897 3138 blettiltttttltltffl
920 2963 1416 3135 Plltltltlttlttlt

399 3138 688 3226 ¹intelligentem,
707 3138 765 3223 qui
787 3139 929 3205 fuerunt
948 3137 1040 3202 infre
1065 3143 1211 3224 quatuor
1233 3139 1357 3204 bnnoos
1380 3140 1415 3202 et

269 3225 439 3314 predictus
460 3225 600 3328 loquelae
628 3225 861 3328 interfuerunt
876 3225 934 3311 qui
955 3228 1139 3310 praesentes
1159 3229 1290 3290 suntet
1312 3224 1416 3290 tectis

271 3316 493 3485 mrssobabbiii
507 3313 875 3486 Joffivtipppgs,o‹estatc.per
904 3398 1102 3484 pmdictum
1128 3399 1302 3465 recordum
1327 3398 1416 3484 quod

272 3487 456 3555 comitatus
471 3485 597 3552 errevit
611 3486 649 3551 in
666 3507 822 3572 processu
842 3487 1011 3571 praedictse
1024 3486 1165 3571 loquclae
1180 3485 1326 3552 mexime
1340 3508 1417 3552 cum

273 3574 503 3640 narrationem
518 3572 671 3660 pmdicti
686 3573 828 3640 Henrioi
843 3573 1047 3654 ndmisiseet,
1061 3573 1095 3638 in
1110 3595 1176 3658 que
1190 3573 1318 3641 nullum
1333 3573 1418 3640 fecit

273 3661 481 3728 mentionem
503 3661 545 3726 de
567 3660 703 3728 nomine
725 3660 781 3726 avi
801 3660 953 3745 proedicti
974 3660 1132 3741 Gelfridi,
1157 3664 1192 3726 et
1214 3661 1318 3726 etism
1341 3681 1419 3727 cum

272 3748 507 3836 probationem
537 3747 690 3833 praedicti
717 3746 857 3814 Henrici
882 3747 1077 3813 admisisset
1100 3747 1141 3812 de
1166 3747 1237 3813 filio
1260 3747 1419 3814 avunculi

272 3835 426 3923 praedicti
442 3834 590 3903 Gelfridi
605 3855 674 3901 non
689 3835 775 3901 iecit
796 3835 1002 3900 mentionem
1016 3837 1132 3900 utrum
1147 3834 1238 3900 filius
1260 3835 1419 3901 avunculi

274 3922 427 4008 predicti
451 3920 599 3989 Gelfridi
621 3941 663 3987 ex
685 3925 782 4008 parte
803 3922 912 4024 petris
936 3925 998 3987 sut
1024 3943 1065 3988 ex
1087 3927 1184 4007 purte
1210 3922 1349 4002 metris3
1387 3925 1422 3987 et

273 4009 376 4078 etiem
403 4009 445 4076 de
474 4009 544 4075 filio
571 4009 683 4075 emitae
708 4008 862 4095 praedicti
889 4007 1046 4090 Gnlbidi,
1070 4030 1133 4075 noc
1157 4008 1307 4094 aliquem
1336 4009 1420 4074 fecit

274 4097 482 4164 mentionem
497 4096 539 4163 de
555 4095 656 4164 certis
672 4096 867 4162 nominibus
882 4095 1031 4181 ipsorum
1046 4122 1054 4177 ς
1078 4100 1113 4161 et
1128 4095 1234 4162 etium
1250 4098 1329 4181 quie
1342 4117 1420 4163 con·

276 4184 404 4251 victum
419 4187 471 4249 est
487 4184 575 4268 quod
595 4182 661 4268 ipsi
676 4187 931 4269 assumpserunt
948 4183 1014 4250 sibi
1026 4187 1233 4269 potestatem
1247 4184 1424 4269 judicandi

274 4272 315 4339 de
341 4271 500 4337 libertate
524 4269 681 4351 hominis,
697 4290 774 4336 cum
797 4270 835 4334 in
859 4270 1020 4355 praedicto
1043 4271 1181 4336 recordo
1207 4271 1423 4338 contineatur

272 4358 363 4443 quod
378 4359 557 4445 quaesitum
570 4357 642 4424 fuit
656 4358 698 4423 de
712 4358 874 4443 praedicto
889 4356 1045 4424 Geltrido
1060 4358 1089 4424 ei
1115 4359 1194 4442 quid
1217 4358 1358 4427 heberet
1382 4359 1424 4425 de

703 4546 978 4620 montuosum.
