3272 5092
373 595 487 650 sssrzn
509 597 608 659 sonu,
631 597 971 658 norrnrnnnamrn,
997 576 1015 643 7
1038 596 1126 644 unu.
1150 597 1174 643 1.
1286 572 1348 639 227

198 749 454 818 disseisiverunt
468 751 656 819 Robertum
670 752 800 819 Jordan
815 753 857 819 de
873 773 1053 820 commune
1066 754 1215 838 pasturae
1229 771 1297 816 suae
1311 749 1349 813 in

199 836 416 920 Oressewell',
433 859 505 923 quae
527 840 677 924 pertinet
702 841 747 905 ad
770 840 914 907 liberum
934 843 1167 905 tenementum
1188 860 1288 904 suum
1310 837 1348 901 in

199 924 389 1011 Ellington,
404 929 482 1010 post
495 926 651 1012 primam,
667 929 732 993 etc.
778 929 823 994 Et
832 929 922 993 unde
934 926 1086 1014 queritur
1098 926 1187 1011 quod
1201 924 1350 990 disseisi-

198 1016 321 1078 verunt
345 1035 422 1079 eum
453 1013 495 1080 de
525 1034 704 1080 commune
728 1018 877 1101 pasturae
902 1037 971 1080 suae
997 1014 1034 1078 in
1061 1013 1240 1099 sexaginta
1262 1011 1349 1077 acris

201 1120 301 1164 morae
324 1105 360 1166 et
384 1103 531 1186 pasturae
545 1101 604 1166 ubi
623 1103 871 1168 communicare
889 1102 1019 1169 solebat
1045 1121 1122 1166 cum
1146 1098 1349 1165 omnimodis

201 1186 322 1254 averiis
338 1186 408 1252 suis
423 1209 483 1272 per
497 1191 610 1255 totum
625 1211 762 1268 annum,
778 1192 814 1254 et
829 1188 871 1254 de
883 1210 1057 1255 commune
1076 1191 1223 1274 pastura
1235 1207 1303 1252 suae
1312 1186 1349 1250 in

201 1275 380 1340 trescentis
403 1275 490 1350 aeris
511 1279 609 1342 terr-se
631 1276 769 1341 arabilis
789 1275 848 1342 ubi
863 1275 1112 1342 communicare
1127 1274 1257 1340 solebat
1274 1294 1350 1338 cum

202 1361 404 1427 omnimodis
420 1361 541 1428 averiis
560 1363 640 1441 suis,
657 1366 808 1449 tempore
824 1367 941 1450 aperto
952 1365 1030 1450 post
1046 1361 1146 1428 blada
1162 1363 1348 1448 asportata.

267 1449 312 1514 Et
343 1448 459 1514 Simon
490 1449 639 1531 Fresell',
669 1451 838 1518 Robertus
868 1450 910 1515 de
943 1451 1028 1530 Rue,
1056 1453 1090 1515 et
1120 1449 1288 1515 Robertus
1317 1447 1349 1511 le

204 1535 365 1620 Serjaunt
375 1535 517 1601 veniunt
533 1541 568 1602 et
579 1537 700 1603 dicunt
715 1539 804 1622 quod
818 1537 971 1623 pmdioti
981 1536 1165 1616 Walterus,
1175 1536 1198 1601 J
1199 1535 1349 1601 ohannes

203 1625 239 1686 et
257 1623 378 1704 Alicio,
398 1625 434 1690 et
456 1623 625 1688 Robertus
648 1623 777 1710 injuste
800 1624 955 1689 tulerunt
980 1623 1105 1689 assises
1132 1621 1217 1688 istas
1235 1642 1350 1687 versus

203 1729 271 1790 eos,
288 1710 368 1794 quia
390 1709 509 1776 dicunt
523 1710 614 1795 quod
635 1710 701 1797 ipsi
716 1710 823 1776 nichil
845 1712 994 1777 clamant
1008 1711 1045 1774 in
1067 1709 1237 1796 praedictis
1260 1730 1350 1775 com-

205 1798 317 1861 munis
340 1817 401 1862 nec
424 1797 571 1883 aliquam
587 1797 635 1863 eis
660 1799 739 1862 inde
753 1798 909 1863 fecerunt
933 1797 1096 1882 injuriam
1120 1796 1190 1863 sive
1204 1796 1352 1862 disseisi-

207 1905 297 1963 nam,
325 1887 361 1947 et
395 1884 460 1949 hoc
489 1889 613 1970 petunt
650 1885 739 1971 quod
775 1885 969 1970 inquiretur
1004 1906 1063 1971 per
1093 1883 1244 1949 assisam.
1305 1884 1351 1947 Et

206 1971 360 2056 Rogerus
391 1971 480 2035 filius
518 1971 665 2038 Simonis
694 1994 764 2038 non
794 1973 898 2053 venit,
930 1975 981 2039 set
1018 1971 1196 2056 praedictus
1236 1969 1352 2035 Simon

206 2057 360 2124 Ebessell'
386 2059 566 2143 respondet
588 2079 649 2144 pro
673 2079 723 2140 eo,
739 2063 913 2144 tamquam
933 2057 1076 2125 ballivus
1101 2079 1193 2137 suus,
1210 2061 1245 2122 et
1269 2056 1353 2123 dicit

207 2144 450 2230 quodquidam
471 2145 598 2228 Simon,
615 2150 713 2231 pater
729 2146 883 2231 praedieti
902 2146 1038 2232 Rogeri,
1054 2145 1139 2210 obiit
1155 2144 1291 2211 seisitus
1312 2144 1353 2208 de

207 2232 376 2318 praedictis
398 2233 585 2298 communis
603 2238 644 2298 ut
663 2233 704 2298 de
722 2233 822 2299 feodo
845 2234 881 2298 in
906 2255 967 2298 suo
988 2233 1143 2319 separali,
1159 2233 1249 2296 unde
1270 2230 1354 2296 dicit

208 2320 342 2405 quodsi
365 2319 478 2404 aliqua
492 2318 669 2386 disseisins
690 2320 785 2386 facta
799 2320 880 2399 fuit,
897 2321 960 2386 hoo
982 2321 1052 2384 fuit
1073 2341 1133 2405 per
1156 2319 1354 2405 praedictum

210 2406 381 2471 Simonem
404 2413 439 2472 et
462 2427 530 2471 non
556 2407 748 2492 peripsum
770 2408 951 2494 Rogerum.
997 2407 1043 2471 Et
1060 2407 1102 2472 de
1119 2408 1184 2472 hoc
1205 2405 1303 2491 ponit
1319 2427 1354 2471 se

210 2515 310 2579 super
342 2494 495 2559 assisam.
551 2495 739 2574 Juratores,
773 2496 884 2579 quoad
922 2516 1036 2561 omnes
1074 2494 1209 2574 assises,
1235 2492 1355 2558 dieunt

209 2601 310 2666 super
335 2584 584 2648 sacramentum
614 2602 713 2647 suum
738 2582 827 2667 quod
855 2581 1009 2668 praedicti
1033 2581 1197 2666 Rogems,
1227 2579 1354 2657 Simon,

210 2669 390 2749 Rohertnn,
415 2672 449 2733 et
478 2668 647 2734 Robertus
672 2669 926 2736 disseisiverunt
949 2667 1129 2754 praedictos
1152 2666 1354 2746 Johannem,

210 2754 402 2820 walterum
427 2758 463 2820 et
477 2755 633 2836 Aliciam,
650 2758 685 2821 et
705 2756 890 2822 Robertum
906 2755 949 2821 de
971 2754 1141 2841 praedictis
1157 2753 1356 2833 communis,

211 2842 351 2927 injuste,
363 2847 439 2923 eto,
453 2843 541 2908 siout
554 2842 652 2910 breve
664 2843 759 2922 dicit,
775 2847 810 2908 et
826 2842 915 2908 sicut
926 2865 962 2909 se
980 2844 1048 2926 (sic)
1066 2845 1265 2927 queruntur.
1310 2841 1356 2904 Et

210 2930 287 2994 ideo
311 2930 561 2995 consideratum
587 2935 639 2996 est
664 2931 754 3015 quod
788 2929 941 3016 praedicti
969 2929 1157 3010 Johannes,
1183 2927 1356 2992 Walterus

211 3023 246 3082 et
268 3016 388 3098 Alicio,
404 3020 439 3081 et
462 3016 631 3082 Robertus
653 3019 852 3102 recuperent
876 3016 1036 3081 seisinam
1058 3037 1154 3081 suam
1173 3014 1353 3100 separatim

211 3105 402 3190 pervisum
431 3104 692 3190 recognitorum.
749 3105 795 3168 Et
825 3103 951 3182 Simon,
978 3103 1144 3188 Rogerus,
1171 3105 1206 3169 et
1232 3101 1290 3166 alii
1320 3102 1356 3164 in

211 3192 298 3256 mis'.
359 3191 484 3255 Postea
512 3191 605 3256 venit
639 3190 820 3276 praedictus
851 3190 967 3254 Simon
1007 3190 1152 3270 l¹resell',
1184 3195 1218 3255 et
1255 3187 1356 3254 offert

211 3279 348 3344 domino
371 3277 459 3362 Regi
482 3278 561 3341 xxs’
584 3300 644 3364 pro
662 3279 814 3343 habenda
833 3277 949 3363 jurata
964 3277 1059 3361 xxiiij
1087 3278 1131 3342 ad
1155 3276 1356 3342 convincen-

211 3366 292 3429 dum
307 3366 355 3452 xij
373 3365 541 3451 juratores
557 3365 706 3450 praefatae
721 3365 843 3431 assisae.
882 3365 928 3429 Et
939 3365 1123 3450 recipiatur
1137 3384 1196 3450 per
1207 3363 1356 3448 plegium

214 3451 375 3518 Willelmi
391 3452 542 3536 Heyrun,
558 3457 622 3518 etc.

277 3540 435 3625 Dampna
459 3538 497 3622 iij
508 3539 533 3602 s’
559 3543 668 3624 capta.
714 3539 838 3604 Postea
867 3538 1048 3624 praedictus
1075 3537 1191 3602 Simon
1211 3536 1358 3602 renitet

209 3628 355 3693 retraxit
369 3647 404 3691 se
420 3627 461 3693 de
476 3625 592 3711 jurata
606 3626 675 3706 illa,
692 3631 727 3691 et
742 3625 817 3693 ideo
833 3625 1082 3690 consideratum
1099 3624 1252 3708 estquod
1271 3645 1356 3709 prae-

211 3715 322 3780 dictus
350 3713 467 3778 Simon
492 3713 704 3778 custodiatur
728 3719 763 3778 et
788 3712 892 3798 plegii
916 3713 968 3777 sui
995 3714 1036 3779 de
1062 3711 1293 3796 prosequendo
1319 3710 1356 3774 in

211 3803 297 3868 mis’.
358 3801 404 3864 m
429 3799 609 3886 praedictus
637 3801 753 3865 Simon
781 3806 901 3885 postea
926 3799 1010 3866 fecit
1036 3800 1138 3866 finem
1168 3820 1228 3884 pro
1258 3819 1294 3862 se
1320 3800 1356 3862 et

210 3890 332 3976 plegiis
348 3886 418 3953 suis
434 3908 494 3973 per
509 3909 612 3952 unam
625 3888 669 3951 m'
685 3892 720 3952 et
735 3887 907 3973 recipitur.

275 4009 403 4075 Alanus
433 4008 522 4073 filius
552 4007 634 4073 Adae
663 4009 704 4076 de
736 4009 871 4092 Snyterl
901 4009 989 4092 petit
1018 4027 1131 4072 versus
1162 4004 1355 4070 Galfridum

212 4097 319 4161 filium
342 4096 445 4161 Alani
464 4095 506 4159 de
529 4095 679 4180 Snyttre,
708 4096 823 4160 decem
841 4115 935 4160 acras
962 4099 1060 4160 terrm
1086 4113 1161 4159 cum
1183 4092 1355 4176 pertinen-

212 4185 271 4248 tiis
300 4184 336 4247 in
372 4185 520 4267 Snyttre,
547 4188 582 4248 et
610 4203 724 4249 versus
755 4181 945 4246 Walterum
972 4180 1105 4246 Goblan
1133 4184 1169 4244 et
1198 4178 1354 4258 Aliciam,

211 4291 351 4337 uxorem
372 4271 454 4354 ejus,
475 4269 622 4354 quinque
648 4290 742 4334 acras
761 4273 859 4336 terroe
878 4289 954 4333 cum
981 4264 1208 4352 pertinentiis,
1232 4270 1273 4329 ut
1298 4267 1354 4350 jus

212 4381 310 4425 suum
336 4356 521 4443 perbreve
547 4356 588 4423 de
615 4357 781 4440 ingressu,
808 4358 873 4422 eto·
917 4356 964 4419 Et
990 4352 1143 4440 praedicti
1168 4351 1354 4432 Galfridus,

212 4445 384 4512 Walterus
408 4446 445 4508 et
465 4443 574 4509 Alicio
594 4442 735 4509 veniunt
761 4447 796 4508 et
820 4443 939 4509 dicunt
963 4441 1052 4526 quod
1075 4439 1237 4525 praediota
1260 4441 1355 4503 tene-

301 4599 309 4633 ¹
326 4599 425 4651 Snitter
436 4598 465 4650 in
478 4597 616 4664 Bothbury
627 4597 723 4663 panuh,
734 4613 750 4649 a
760 4597 873 4649 member
884 4595 912 4647 ol
921 4593 967 4647 the
978 4594 1082 4659 Burony
1090 4593 1117 4644 ol
1129 4591 1275 4722 Bothb2ury.

1163 4679 1185 4733 Q
