3272 5092
269 557 332 624 226
441 575 1039 640 nss1snn0nn,nonrnnnsnnnann,
1063 555 1082 622 7
1105 575 1193 623 now.
1217 575 1242 623 1.

267 732 399 818 injuste
413 731 496 800 tulit
514 731 658 798 assisam
678 731 781 798 istam
795 751 912 798 versus
935 749 1024 812 eum,
1041 730 1121 817 quia
1138 729 1328 814 dicitquod
1347 727 1421 814 ipse

267 825 321 888 est
345 821 445 887 modo
460 821 497 886 in
518 819 643 886 seisina
657 818 807 886 habendi
829 818 949 904 fugam
970 839 1077 898 suam,
1092 821 1129 886 et
1153 817 1240 883 bene
1264 814 1421 883 coneedit

268 907 317 973 ibi
340 907 459 994 fugam
484 929 581 973 susm
602 928 679 974 eum
703 906 826 973 averiis
850 905 920 972 suis
945 909 1096 992 tempore
1120 907 1248 990 aperto,
1269 908 1305 970 et
1329 902 1420 988 quod

268 995 340 1081 ipse
370 996 470 1062 modo
499 999 552 1060 est
582 995 618 1058 in
648 993 783 1074 saisina,
814 993 913 1080 ponit
944 1015 978 1061 se
1009 1013 1110 1078 snper
1139 991 1291 1058 assisam.
1338 989 1420 1056 Ideo

268 1082 426 1168 capiatur
447 1082 565 1162 assisa,
587 1085 651 1147 eto.
696 1081 874 1146 Jurstores
900 1080 1021 1147 dieunt
1045 1101 1146 1165 super
1169 1081 1419 1146 sacramentum

269 1191 369 1235 suum
384 1169 473 1254 quod
488 1168 669 1254 praediotus
685 1168 839 1254 Rogerus
854 1169 896 1234 de
912 1166 1060 1254 Ooyners
1075 1167 1200 1232 levavit
1220 1165 1420 1252 praedictum

268 1255 437 1322 fossatum
460 1257 494 1321 in
511 1257 592 1322 Hou
608 1255 651 1322 ed
673 1258 915 1322 nocumentum
936 1254 1034 1321 liberi
1056 1254 1246 1319 tenementi
1266 1251 1421 1340 praedioti

268 1343 396 1430 Bogeri
419 1343 565 1408 Mandat
586 1343 621 1406 in
647 1343 821 1423 Esehette,
837 1343 978 1428 injuste,
995 1346 1072 1422 ete,
1089 1342 1178 1407 sieut
1200 1341 1300 1406 breve
1324 1338 1419 1404 dieit.

269 1431 315 1496 nt
338 1431 414 1497 ideo
430 1429 680 1496 consideratum
696 1429 852 1515 estquod
875 1430 1073 1515 pradictum
1089 1428 1257 1494 fossatum
1273 1429 1420 1514 proster-

269 1521 372 1584 natur
386 1518 431 1583 ad
446 1523 561 1584 custus
576 1517 683 1603 ipsius
698 1517 825 1602 Rogeri
841 1517 882 1584 de
898 1516 946 1582 Co
994 1537 1058 1596 ers,
1068 1515 1120 1580 ita
1134 1515 1225 1600 quod
1239 1513 1421 1600 praedictus

269 1607 424 1690 Rogems
439 1603 586 1670 Mandat
602 1605 711 1689 possit
725 1603 774 1669 ibi
788 1604 912 1670 habere
927 1625 945 1669 o
971 1601 1080 1669 aoiam
1097 1625 1192 1668 suam
1208 1624 1285 1668 oum
1300 1600 1421 1666 averiis

269 1688 1421 1777 suistemporeaperto,etpraediotusRogerusdeGoyneminmis’,eto.

335 1779 493 1865 Dampna
508 1778 557 1864 xij
569 1779 602 1842 ci'
618 1783 730 1863 capta.

335 1908 506 1974 Henrieus
529 1907 571 1972 de
590 1907 717 1993 Nesby,
739 1907 798 1991 qui
820 1907 903 1972 tulit
925 1908 1023 1974 breve
1046 1908 1160 1972 assisae
1183 1906 1302 1972 mortis
1325 1909 1421 1972 ante-

270 1996 410 2063 cessoris
426 2015 540 2060 versus
566 1993 718 2059 Priorem
739 1995 782 2058 de
804 1993 1016 2060 Hettilsham
1037 1995 1078 2059 de
1103 1995 1250 2079 quinque
1274 1993 1361 2060 acris
1386 1997 1422 2059 et

272 2103 339 2147 una
363 2081 446 2148 roda
466 2086 564 2147 terrae
581 2102 659 2147 oum
683 2081 900 2168 pertinentiis
921 2082 958 2146 in
976 2082 1121 2167 Neseby‚
1136 2103 1205 2146 non
1228 2087 1281 2147 est
1307 2102 1421 2167 prose-

269 2173 380 2236 outns.
427 2168 508 2234 Ideo
541 2167 613 2253 ipse
646 2171 681 2233 et
714 2167 819 2253 plegii
852 2169 904 2233 sui
935 2170 977 2234 de
1007 2170 1240 2254 prosequendo
1269 2169 1306 2232 in
1336 2168 1423 2250 mis’‚

270 2256 409 2338 scilieet,
425 2255 555 2320 Alanus
572 2255 669 2342 Meyr
683 2255 724 2320 de
740 2255 867 2340 Ryhill’
884 2258 919 2320 et
934 2255 957 2321 J
958 2255 1110 2322 ohannes
1126 2255 1295 2338 Genener,
1312 2261 1376 2323 eto.

311 2386 430 2451 Assisa
458 2385 552 2450 venit
581 2385 799 2469 recognitum
832 2383 861 2449 si
895 2385 1048 2470 Rogems
1078 2385 1168 2450 filius
1203 2385 1351 2450 Simonis
1381 2386 1422 2452 de

269 2471 485 2554 Oressewell’,
503 2471 620 2536 Simon
638 2469 787 2551 Fresell’,
803 2472 973 2538 Robertns
989 2472 1031 2537 de
1051 2474 1134 2552 Rue,
1150 2476 1186 2538 et
1205 2473 1375 2538 Robertus
1390 2473 1422 2538 le

272 2561 432 2646 Serjaunt
442 2559 484 2624 de
496 2557 701 2624 Oressewell'
717 2557 858 2643 injuste,
871 2563 947 2639 ete,
957 2559 1213 2628 disseisiverunt
1228 2560 1250 2624 J
1253 2561 1422 2627 ohannem

271 2647 301 2715 le
316 2647 462 2713 Monner
476 2645 518 2711 de
541 2643 718 2730 Elington'
735 2645 777 2716 de
792 2667 972 2711 commune
990 2651 1138 2732 pastura
1154 2667 1221 2712 snae
1237 2647 1274 2711 in
1288 2646 1422 2713 Cresse-

269 2734 368 2814 well'‚
383 2754 456 2818 qna
478 2732 628 2819 pertinet
650 2731 694 2796 ad
716 2731 857 2796 liberum
873 2737 1107 2799 tenementum
1122 2755 1219 2798 suum
1235 2734 1271 2798 in
1291 2734 1422 2820 Elling-

270 2825 343 2902 ton‚
358 2824 437 2908 post
451 2820 606 2906 primam,
618 2823 682 2885 eto.
728 2820 775 2883 Et
790 2821 881 2885 unde
893 2820 1046 2905 queritur
1061 2821 1150 2905 quod
1165 2821 1422 2886 disseminarunt

270 2930 348 2976 eum
370 2907 412 2973 (16
433 2927 612 2974 eommunn
637 2907 785 2991 pasturae
809 2927 878 2972 suae
897 2907 935 2971 in
954 2908 1133 2993 sexaginta
1158 2908 1245 2974 aeris
1265 2929 1367 2974 morae
1387 2914 1422 2974 et

269 3001 417 3082 pastura
442 2993 502 3058 ubi
532 2995 781 3060 communicare
808 2993 937 3059 solebat
967 3015 1043 3058 oum
1070 2995 1273 3061 omnimodis
1300 2996 1422 3062 averiis

270 3082 341 3150 suis
360 3101 421 3168 per
435 3084 547 3146 totum
562 3102 702 3160 annum,
718 3085 753 3145 et
770 3079 812 3147 de
827 3101 1006 3146 eommuna
1030 3087 1177 3166 pastnrae
1194 3103 1261 3148 suae
1283 3082 1321 3147 in
1336 3085 1422 3150 tres-

270 3168 380 3235 oentis
410 3167 497 3233 aeris
522 3171 626 3232 terrm
656 3167 793 3232 arabilis
824 3167 883 3233 nbi
913 3167 1160 3234 communicare
1188 3169 1318 3236 solebat
1344 3191 1421 3236 oum

269 3255 472 3322 omnimodis
487 3254 609 3319 averiis
626 3254 697 3320 suis
712 3257 863 3339 tempore
877 3259 1007 3340 aperto,
1024 3261 1087 3321 eto.

334 3343 462 3408 Eadem
491 3341 600 3406 assisa
624 3340 718 3406 venit
747 3342 965 3426 recognitum
994 3364 1055 3428 per
1084 3344 1229 3424 eosdem,
1260 3343 1289 3409 si
1318 3344 1421 3411 iidem

271 3431 425 3515 Rogerus
467 3429 557 3493 filius
601 3427 748 3493 Simonis
790 3428 832 3494 de
874 3427 1090 3511 Oressewell',
1129 3431 1247 3495 Simon
1285 3431 1422 3512 Fresell,

269 3517 439 3619 {tebertus
463 3515 504 3582 (16
533 3515 620 3616 Rue,
641 3517 679 3615 et
703 3515 872 3582 Robertus
897 3515 929 3582 le
957 3517 1120 3619 Serjannt
1145 3519 1187 3584 de
1213 3517 1420 3620 Oresseneil’

269 3606 425 3772 titt,
441 3602 1423 3776 tteizttsfffiiittttttt?titiis&

270 3777 356 3842 well'
372 3799 446 3861 quse
469 3775 620 3861 pertinet
640 3776 683 3840 ad
702 3775 846 3841 liberum
862 3781 1095 3844 tenementum
1116 3799 1215 3843 suum
1235 3779 1272 3843 in
1292 3779 1422 3866 Elling-

269 3865 354 3944 ton',
369 3866 448 3949 post
470 3862 625 3948 primam.
671 3863 717 3926 Et
731 3864 822 3927 unde
847 3868 1037 3948 queruntur
1050 3867 1141 3949 quod
1166 3866 1422 3932 disseisiverunt

270 3972 326 4017 eos
353 3951 394 4016 de
419 3970 597 4015 oommuna
623 3953 770 4034 pasturae
789 3972 858 4016 suae
885 3951 921 4014 in
948 3954 1127 4038 sexaginta
1151 3953 1237 4018 acris
1264 3975 1365 4019 morae
1387 3959 1423 4019 et

270 4042 417 4124 pasturae
440 4037 500 4101 ubi
524 4037 772 4102 communicare
795 4037 951 4106 solebant
975 4060 1050 4104 oum
1074 4041 1277 4106 omnimodis
1302 4041 1423 4107 averiis

271 4125 342 4191 suis
364 4145 424 4210 per
439 4126 551 4189 totum
572 4143 711 4202 annum,
727 4128 761 4190 et
777 4126 818 4189 de
840 4145 1019 4191 commune
1038 4131 1186 4213 pastnrae
1201 4150 1268 4193 suae
1285 4129 1322 4193 in
1339 4134 1422 4194 tres-

271 4212 380 4278 centis
404 4211 491 4276 aeris
518 4213 615 4277 terrie
642 4211 780 4276 arabilis
807 4213 865 4276 ubi
888 4215 1137 4280 communicare
1168 4215 1322 4281 solebant
1347 4237 1423 4280 oum

269 4297 1423 4387 omnimodisaveriissuis,temporeapertopostbladassporteta‚eto.

335 4386 463 4451 Eadem
488 4386 594 4450 assisa
618 4385 713 4449 venit
742 4387 969 4471 recognitum,
996 4409 1057 4472 per
1085 4390 1231 4469 eosdem,
1260 4391 1289 4455 si
1320 4391 1422 4457 iidem

269 4474 423 4558 Rogerus
452 4471 542 4536 filius
570 4470 727 4552 Simonis,
755 4472 872 4538 Simon
900 4474 1047 4556 Fresell',
1075 4475 1244 4542 Robertus
1267 4477 1309 4542 de
1339 4478 1423 4559 Rue,

270 4563 307 4629 et
349 4560 518 4626 Robertns
564 4557 595 4626 le
635 4559 796 4645 Serp'aunt
832 4561 873 4628 de
913 4561 1129 4646 Oressewell',
1170 4564 1306 4650 injuste,
1348 4569 1425 4648 ete,
