3272 5092
302 962 484 1038 ASSIZE
512 961 667 1050 ROLL,
698 961 1248 1053 NORTHUMBERLAND,

459 1104 479 1184 7
512 1106 751 1180 EDWARD
779 1108 826 1193 I.,
853 1106 951 1180 AJ).
980 1104 1091 1184 1279.

524 1295 795 1361 Nonrnuusnm.
840 1297 1025 1362 Vnnmeus.

200 1407 349 1472 Puncrrn
372 1428 418 1472 ou
440 1407 586 1474 Jussrrs
609 1429 651 1472 nr
676 1428 800 1474 nssrsrs
826 1429 933 1473 chron
964 1428 1078 1473 consu
1109 1409 1273 1473 Jonsnrn
1304 1428 1349 1471 ns

288 1495 473 1576 Vennmus,
503 1495 702 1560 Wrnnrnuo
738 1516 784 1560 ns
823 1495 956 1575 Sennis,
993 1495 1137 1560 Roouno
1175 1495 1349 1574 Lovrnnr,

285 1582 448 1648 Jonnrrrs
470 1603 517 1646 nu
540 1583 758 1648 Memnonem
781 1604 823 1646 rr
846 1583 1028 1647 Mnmsrno
1050 1581 1174 1647 Tuom
1197 1602 1241 1646 on
1266 1583 1350 1645 Son-

285 1690 423 1751 moror,
474 1691 695 1735 rusmommrs
747 1668 1026 1734 mmsunnmsus¹
1077 1690 1167 1732 erun
1222 1669 1348 1733 Novum

285 1757 447 1822 Onsrsuu
481 1777 589 1821 sores
622 1757 758 1837 Trnnn,
794 1777 830 1822 m
863 1777 1032 1822 courrnru
1069 1755 1347 1836 Nournoueom,

285 1865 322 1908 nr
339 1865 476 1910 ocrsms
492 1844 617 1910 Senem
632 1845 801 1909 Hmnnsn
816 1864 908 1910 suro
924 1864 1029 1908 esem
1044 1843 1153 1908 Rsors
1168 1843 1348 1922 Ennium,

286 1952 441 1997 srrrrmo.

262 2108 381 2175 Assise
403 2109 497 2174 venit
523 2107 740 2193 recognitum
766 2107 795 2173 si
814 2107 997 2174 *Johennes
1022 2107 1064 2173 de
1089 2107 1235 2187 Vitton',
1251 2113 1349 2194 peter

198 2196 340 2263 Roberti
362 2197 404 2262 de
427 2195 573 2276 Vitton'‚
598 2195 667 2261 fuit
693 2194 829 2261 seisitus
859 2195 896 2258 in
927 2194 1098 2261 dominico
1128 2215 1189 2260 suo
1218 2197 1259 2261 de
1290 2217 1348 2262 sex

198 2283 392 2369 mesungiis‚
409 2287 546 2350 centum
562 2286 597 2348 et
612 2286 689 2347 octo
704 2282 791 2348 eoric
818 2286 927 2362 terne,
943 2282 1122 2348 duodecim
1145 2283 1231 2348 ueris
1257 2283 1347 2368 pmii

198 2393 274 2523 etcum
286 2370 507 2538 partineftlilig
518 2369 555 2432 in
568 2368 1026 2521 Magnesllvtlliir'tzilrlr'ggtficgnl’gtdie
1042 2389 1118 2470 quo,
1135 2373 1200 2522 etto.
1225 2370 1292 2522 tat
1307 2370 1347 2450 si,

199 2479 390 2631 gogn'scii1ae
383 2477 499 2610 cinges
507 2479 690 2609 ndlitsicuios
720 2478 841 2624 grecis,
867 2547 902 2607 et
931 2477 1232 2629 didiiluiluireimifrsee
1261 2479 1348 2608 nihii

198 2631 322 2698 clamet
337 2632 374 2697 in
387 2631 558 2718 praedietis
574 2631 778 2697 tenementis
793 2630 860 2694 nisi
875 2630 1012 2694 nomine
1027 2631 1198 2710 custodire,
1214 2631 1347 2696 ratione

197 2718 337 2785 minoris
352 2719 463 2784 aetetis
477 2717 631 2804 predicti
646 2717 798 2798 Roberti,
809 2738 848 2783 eo
862 2717 953 2801 quod
964 2718 1144 2802 proedictus
1159 2718 1181 2782 J
1183 2718 1346 2799 ohunnes,

195 2810 295 2893 peter
320 2827 411 2885 suus,
428 2806 469 2871 de
496 2826 535 2870 eo
555 2805 669 2869 tenuit
689 2825 749 2889 per
770 2804 975 2871 forinsecum
999 2805 1184 2886 servitium,
1208 2805 1347 2886 seilicet,

196 2914 256 2979 per
271 2893 477 2978 cornegium.
532 2893 577 2957 Et
602 2892 771 2957 Robertus
796 2891 880 2956 dicit
906 2891 995 2976 quod
1020 2891 1150 2956 nullum
1173 2893 1347 2958 servitium

197 2981 348 3066 cornegii
362 2981 399 3045 in
415 2979 581 3046 comitutu
594 2979 662 3044 isto
686 2982 739 3043 est
765 2999 868 3043 ceusu
891 2978 1062 3044 custodiae.
1115 2979 1162 3043 Et
1186 2979 1275 3064 quod
1297 2980 1348 3044 ite

198 3068 245 3133 sit
257 3072 398 3153 paratus
413 3071 467 3132 est
482 3067 653 3132 verificare
669 3065 757 3130 sicut
772 3065 865 3131 curie
881 3065 1154 3131 consideraverit.
1200 3067 1246 3131 Et
1268 3067 1347 3151 quis

196 3175 309 3221 eorem
323 3155 503 3240 Redulpho
526 3153 567 3220 de
589 3152 774 3237 Henghem
795 3156 831 3217 et
853 3152 954 3218 sociis
977 3152 1047 3218 suis
1069 3152 1280 3238 justiciariis,
1303 3154 1348 3218 ed

230 3360 239 3394 ¹
256 3361 311 3414 The
321 3359 382 3412 urit
392 3360 433 3411 ior
453 3359 498 3412 the
513 3359 620 3424 justioes
639 3374 703 3410 runs
720 3374 747 3410 us
797 3357 892 3423 pleints
904 3357 931 3408 oi
947 3357 981 3408 ull
997 3358 1183 3424 comphinents
1200 3374 1229 3410 or
1245 3376 1349 3425 persons

195 3426 397 3480 follow—‘Phe
426 3426 500 3492 King
530 3429 558 3478 to
586 3425 632 3478 the
661 3425 747 3476 Arch-
797 3425 907 3490 wishing
928 3427 956 3476 to
978 3425 1112 3490 compium,
1134 3442 1161 3477 es
1184 3425 1240 3478 well
1261 3426 1289 3477 of
1304 3427 1348 3480 the

197 3495 308 3560 bishops,
320 3493 437 3558 Bishops,
449 3494 556 3555 Abbots,
575 3495 633 3555 eto,
645 3492 696 3542 und
713 3491 747 3542 ull
797 3491 926 3543 ministers
937 3492 988 3542 end
1006 3491 1099 3543 hailiffs
1119 3493 1147 3543 oi
1166 3507 1204 3554 us,
1215 3509 1243 3544 es
1260 3494 1287 3544 oi
1303 3495 1348 3547 the

196 3562 283 3626 others
294 3561 320 3612 oi
336 3561 382 3612 the
393 3559 517 3611 Gounties
528 3561 555 3610 oi
566 3558 747 3621 cumberland,
797 3557 927 3609 ministcrs
938 3558 989 3608 und
1001 3558 1094 3610 boiliiir
1105 3559 1133 3610 oi
1148 3559 1241 3621 others,
1253 3560 1303 3610 sud
1320 3564 1348 3613 to

126 3649 129 3657 ·
197 3627 411 3688 Westmorelsnd,
429 3627 480 3677 end
499 3625 746 3688 Northnmberhnd,
797 3624 859 3675 heer
875 3640 926 3689 any
945 3625 1096 3689 complaints
1116 3625 1280 3689 whetsoever,
1297 3629 1347 3680 end

197 3694 331 3760 Greeting.
375 3693 459 3744 Know
480 3709 519 3758 ys,
543 3693 601 3743 thet
624 3707 662 3743 we
684 3691 748 3743 heve
798 3692 907 3742 tomuke
916 3692 1004 3754 fitting
1015 3691 1118 3743 emend
1130 3693 1238 3754 thereto,
1246 3696 1348 3746 ecoord-

196 3761 354 3813 constituted
366 3775 414 3811 our
424 3758 481 3811 well
493 3758 596 3810 beloved
606 3759 657 3810 end
668 3757 747 3808 ieith-
798 3758 845 3822 ing
855 3762 882 3808 to
892 3757 936 3809 the
947 3757 1097 3809 ordinsnces
1111 3757 1212 3810 thereos
1225 3760 1299 3811 mode
1314 3763 1348 3826 by

197 3828 235 3880 iul
253 3828 299 3878 the
318 3828 406 3879 Abbot
425 3825 453 3876 of
471 3825 663 3888 Westminster‚
675 3824 746 3875 John
797 3840 829 3876 us
840 3824 891 3875 sud
903 3828 930 3874 to
942 3824 986 3875 the
998 3829 1072 3875 tenor
1083 3825 1110 3875 of
1121 3840 1169 3877 our
1179 3829 1288 3877 statutos
1297 3829 1348 3879 and

196 3895 228 3946 de
239 3893 365 3956 vallibus,
377 3892 493 3943 william
504 3892 536 3942 de
552 3892 655 3948 Sahsm.
670 3890 747 3942 Geoi-
798 3890 881 3942 tothe
898 3891 1000 3941 articles
1018 3891 1094 3956 given
1112 3893 1163 3944 ond
1186 3891 1304 3958 enjoined
1322 3899 1349 3945 to

196 3962 235 4013 ire
273 3961 305 4012 de
324 3958 415 4020 Ieuk',
432 3958 505 4011 John
522 3959 553 4010 de
582 3957 747 4022 Metinghsm
798 3957 870 4009 them
890 3957 1011 4009 thorefcr.
1060 3957 1112 4008 We
1129 3959 1264 4009 commend
1287 3976 1347 4025 you,

196 3977 686 4089 mdeeerrhomudesodington,
699 4039 747 4075 our
798 4024 934 4087 therefore,
958 4023 1015 4074 ehu
1042 4040 1094 4090 you
1126 4025 1156 4076 be
1187 4024 1276 4090 riding
1297 4027 1349 4078 und

195 4095 303 4159 iustiees
331 4093 465 4152 itinerant,
487 4095 515 4143 to
538 4090 598 4141 hold
627 4106 746 4142 common
797 4090 940 4154 ensuering
962 4093 990 4142 to
1012 4090 1057 4141 the
1086 4105 1154 4141 sume
1182 4093 1269 4144 Abbot
1297 4095 1348 4146 end

196 4160 264 4226 plens
276 4160 329 4212 this
341 4160 404 4210 time
415 4159 442 4209 in
459 4157 505 4210 the
525 4157 648 4209 Counties
665 4158 746 4208 utore-
797 4156 843 4208 the
863 4157 949 4208 others
971 4173 998 4207 es
1016 4173 1065 4208 our
1087 4157 1194 4220 justices
1217 4158 1349 4224 itinemnt,

195 4227 258 4279 ssid.
300 4227 351 4278 We
368 4226 433 4276 heve
451 4226 504 4276 eho
523 4223 683 4276 constituted
700 4239 747 4274 our
797 4223 824 4274 in
847 4223 881 4274 ell
904 4223 992 4288 things
1015 4223 1100 4274 which
1121 4229 1149 4273 to
1180 4222 1253 4276 those
1281 4225 1350 4290 plees

195 4310 264 4346 seme
282 4293 387 4357 iustices
405 4296 433 4343 to
453 4291 514 4344 hear
534 4292 585 4342 end
605 4289 747 4342 determine
798 4289 946 4354 bolenges
969 4289 990 4340 is
1013 4289 1145 4341 morosis.
1189 4290 1223 4342 In
1246 4291 1349 4346 witness

196 4361 265 4425 ploos
287 4360 317 4411 oi
343 4359 466 4421 liborties,
489 4357 626 4423 according
651 4361 679 4408 to
701 4357 746 4408 the
796 4355 913 4418 whereoi,
947 4359 995 4407 eto.
1056 4355 1173 4408 Witness
1200 4357 1245 4408 the
1275 4357 1330 4409 Kin

195 4427 338 4491 provisions
373 4426 424 4477 end
460 4424 609 4476 ordinsnces
647 4422 750 4474 thereos
796 4425 825 4474 et
852 4423 1002 4474 Glouoester
1031 4426 1062 4472 16
1088 4423 1156 4488 Aug.
1179 4421 1245 4488 [sm.
1270 4425 1335 4480 1278

196 4491 600 4558 mede,ondtohesrtrespusses
617 4491 746 4542 ondoom-
801 4491 873 4548 (Por.
887 4489 1070 4550 dolhem
1081 4491 1114 4552 I,
1126 4507 1157 4542 m.
1169 4492 1206 4552 6).
