3278 5104
252 525 317 588 116
402 535 999 612 sss1zaaonn,uoaununnnannun,
1024 515 1067 580 40
1090 535 1172 581 nan.
1196 534 1250 580 m.

256 701 291 764 et
316 699 404 764 bona
420 718 482 762 sua
504 697 774 782 asportaverunt,
791 691 842 756 ita
857 691 947 777 qnod
962 690 1144 776 pradictus
1160 689 1353 754 Willelmus
1369 709 1404 754 se

256 784 467 852 defendendo
504 781 629 848 occidit
665 780 834 866 quendam
872 799 914 843 ex
950 778 1077 845 eisdem
1117 776 1404 857 malefactombna

257 872 392 939 nomine
403 871 425 936 J
427 871 571 936 ohannis
583 870 634 934 Pa
656 872 779 947 recnrt,
792 869 828 931 et
840 886 955 931 omnes
968 864 1027 929 alii
1042 865 1219 950 fugerunt.
1245 863 1406 932 Nascitur

257 959 314 1044 qui
339 959 489 1024 fuerunt.
534 956 600 1022 Ost
647 977 668 1020 a
695 953 848 1040 predicti
872 953 1041 1019 Johannis
1065 951 1123 1038 xxj
1134 951 1172 1031 ε’,
1199 953 1289 1017 unde
1318 951 1406 1017 vico·

256 1067 367 1112 comes
382 1044 593 1131 respondeat.
638 1043 684 1107 llt
706 1041 824 1106 villata
845 1040 887 1105 de
904 1039 1216 1106 Northmiddelton'
1237 1060 1307 1105 non
1321 1039 1406 1105 fecit

262 1138 400 1213 sectam,
415 1133 491 1200 ideo
515 1133 552 1196 in
578 1131 665 1195 mis’.
710 1129 834 1196 Postea
855 1130 1022 1192 testatum
1046 1131 1097 1194 est
1119 1127 1209 1211 quod
1228 1127 1406 1211 Philippus

258 1222 443 1306 Payrecuit
466 1225 501 1284 et
526 1217 717 1282 willelmus
743 1218 785 1282 dc
815 1215 1035 1301 Fughulden'‚
1052 1215 1172 1279 rcttati
1188 1214 1230 1280 de
1244 1215 1407 1299 praedicta

257 1308 427 1392 hungaria,
444 1308 688 1372 subtraxerunt
709 1325 745 1370 se
768 1307 803 1368 ct
825 1302 1107 1382 malecreduntur‚
1126 1301 1202 1367 ideo
1225 1303 1407 1386 exigantur

258 1399 295 1461 et
322 1395 530 1480 utlagentur.
575 1391 680 1456 Nulla
718 1391 910 1455 habuerunt
947 1389 1081 1455 catalla.
1128 1389 1174 1454 Et
1211 1389 1330 1454 villata
1366 1389 1407 1454 de

259 1483 431 1567 Rynemor
445 1480 602 1546 similiter
616 1480 653 1543 in
669 1478 744 1543 mis’
760 1478 923 1562 quianon
939 1476 1024 1543 fecit
1039 1479 1177 1541 sectam.

326 1599 693 1702 Mslefactores'ignoti
707 1615 938 1700 burgavcrunt
952 1615 1091 1679 domum
1105 1613 1270 1679 Willelmi
1285 1612 1408 1699 Regni'

262 1707 299 1770 in
328 1706 532 1785 Ballesdon',
563 1709 598 1769 et
628 1703 753 1786 catalla
781 1703 819 1765 in
855 1703 973 1768 eadem
1002 1701 1102 1766 domo
1127 1701 1267 1768 inventa
1293 1722 1408 1785 aspor-

262 1796 431 1859 taverunt.
476 1791 636 1858 Nascitur
656 1791 736 1874 quia
757 1789 907 1854 fuerunt.
953 1789 1000 1853 Et
1021 1789 1139 1854 villata
1154 1789 1196 1855 de
1218 1788 1408 1854 Ballesden'

263 1901 332 1946 non
347 1881 433 1946 fecit
447 1883 584 1946 sectam.
630 1878 712 1943 Ideo
727 1877 764 1941 in
779 1878 866 1942 mis'.

328 2018 496 2083 Robertus
512 2014 792 2095 Molendinarius,
809 2013 924 2080 volens
948 2035 1076 2098 ungere
1100 2017 1210 2080 rotam
1225 2015 1411 2100 ,cujusdam

263 2104 460 2183 molendini,
477 2124 653 2188 oppressus
669 2103 739 2166 fuit
754 2103 816 2167 sub
832 2101 948 2167 eadem
964 2106 1050 2181 rota,
1066 2101 1117 2166 ita
1132 2103 1221 2186 quod
1236 2102 1341 2168 tentio
1356 2102 1411 2167 die

263 2195 383 2278 postea
410 2191 489 2256 inde
519 2189 614 2256 obiit.
661 2189 785 2254 Nullus
814 2188 894 2254 inde
925 2188 1170 2254 malcoreditur.
1226 2189 1409 2270 Judicium,

263 2278 501 2344 infortunium.
523 2275 679 2344 Precium
693 2280 775 2342 rotae
787 2276 836 2362 xij
848 2277 891 2358 d’,
904 2277 994 2340 unde
1005 2276 1188 2343 vicecomes
1198 2277 1409 2361 respondeat.

328 2415 497 2482 Patricius
523 2415 613 2480 lilius
643 2415 758 2481 Ivonis
787 2415 829 2479 de
859 2412 1062 2479 Hameldon'
1087 2414 1213 2481 occidit
1239 2435 1274 2481 se
1298 2415 1410 2502 ipsum

265 2502 411 2590 quodam
433 2501 557 2569 entello
580 2502 616 2566 in
640 2503 738 2567 domo
762 2524 823 2568 sua
845 2501 936 2587 apud
959 2501 1182 2569 Hameldon’l
1228 2504 1274 2567 Et
1293 2502 1354 2568 Ivo
1370 2503 1412 2568 de

265 2589 478 2670 Hameldon’,
494 2590 622 2675 primus
644 2589 812 2669 inventor,
828 2590 922 2654 venit
944 2592 979 2653 et
1002 2611 1070 2655 non
1092 2589 1333 2656 malcereditur
1350 2611 1411 2657 nec

266 2677 386 2762 aliquis
410 2677 507 2742 nlius.
559 2676 742 2758 Jufficium,
767 2676 896 2742 felonia
921 2675 962 2739 de
989 2698 1033 2743 se.
1081 2677 1213 2744 Catulla
1237 2679 1308 2762 ejus
1331 2676 1410 2763 jm',

265 2766 354 2830 unde
368 2763 551 2830 vicecomes
566 2765 779 2850 respondeat.

328 2903 503 2969 lohannes
518 2903 608 2968 lilius
618 2901 782 2968 Willslmi
791 2903 863 2968 Tod
879 2902 1003 2969 occidit
1019 2903 1255 2989 Helewysiam,
1271 2924 1411 2970 uxorem

266 3012 373 3071 suam,
411 2995 447 3057 et
483 2989 659 3071 'linnock’‚
695 3010 834 3056 uxorem
881 2990 1022 3056 Roberti
1060 2990 1100 3057 de
1137 2990 1339 3073 Hameldon‚
1377 2995 1412 3056 et

266 3079 438 3163 quandam
459 3077 616 3143 ancillam
639 3076 791 3163 ejusdem
814 3077 944 3158 (lomus,
961 3082 997 3144 et
1016 3082 1135 3163 postea
1157 3077 1294 3144 domum
1315 3100 1411 3144 suam

266 3164 460 3246 combussit,
491 3168 526 3230 et
549 3165 651 3249 fugit.
705 3159 751 3228 nu
781 3164 899 3230 villata
929 3164 971 3231 de
995 3165 1198 3232 Hameldon’
1227 3187 1297 3230 non
1320 3167 1411 3253 cepit

265 3253 388 3338 ipsum,
403 3252 479 3318 ideo
493 3252 530 3316 in
545 3252 631 3318 mis'.
677 3253 723 3316 Et
744 3255 863 3336 postea
875 3255 1042 3318 testatum
1057 3255 1110 3319 est
1130 3253 1218 3337 quod
1233 3254 1412 3338 praedictus

266 3339 439 3405 lohannes
466 3342 585 3467 cantus
614 3339 684 3404 fuit
714 3338 803 3424 apud
833 3338 1029 3420 Gatesdcn,⁹
1055 3345 1091 3406 et
1117 3360 1298 3425 suspensus
1322 3341 1412 3426 apud

266 3426 507 3492 Dulhobmum.

333 3556 505 3623 Walterus
521 3555 610 3621 filius
626 3555 761 3620 Thomae
776 3555 817 3621 dc
832 3555 1018 3636 Wolloure‚
1033 3556 1194 3621 luctando
1209 3559 1245 3622 et
1265 3556 1412 3623 ludendo

268 3667 345 3711 cum
368 3643 439 3709 Eva
462 3644 504 3708 de
529 3642 761 3722 Sessinwrthe,
778 3642 922 3729 jactavit
936 3643 1029 3708 illam
1045 3644 1088 3708 ad
1106 3647 1241 3725 terram,
1259 3644 1309 3710 ita
1323 3645 1414 3729 quod

269 3731 387 3798 statim
402 3734 519 3815 postea
533 3729 612 3795 inde
628 3729 723 3794 obiit.
768 3731 814 3794 Et
830 3730 1003 3796 Walterus
1018 3731 1135 3796 statim
1150 3731 1244 3816 fugit
1259 3735 1295 3798 et
1310 3732 1412 3798 male·

269 3818 428 3896 creditur,
444 3817 520 3883 ideo
546 3817 704 3901 exigatur
726 3819 762 3883 et
786 3817 968 3902 utlagatur.
1015 3817 1119 3882 Nulla
1141 3818 1262 3885 habuit
1277 3819 1411 3887 catalla.

269 3906 315 3971 Et
326 3905 450 3970 villatae
465 3904 507 3969 <le
524 3905 693 3983 Hetton',⁴
716 3903 827 3990 Akyl',
844 3908 879 3970 et
894 3905 1092 3971 Wetewude
1107 3927 1176 3970 non
1189 3907 1414 3972 veneruntad

269 3991 534 4077 inquisitionem,
549 3991 625 4057 ideo
641 3990 676 4054 in
692 3991 777 4056 mis'.

334 4129 502 4194 Robertus
525 4129 567 4193 de
591 4128 676 4214 Ryel
699 4128 822 4194 occidit
845 4127 1054 4195 Willelmum
1076 4130 1233 4211 Kiverur‚
1248 4124 1413 4199 veniendo

269 4218 311 4284 de
336 4215 543 4282 tabernaclo
568 4216 803 4302 Wytmgham,
827 4216 864 4281 in
889 4216 944 4282 via
966 4221 1063 4283 extra
1086 4218 1322 4304 Wytingham.
1366 4222 1413 4284 nt

301 4384 627 4502 :Possiblfllumblstom
866 4403 900 4439 on
911 4387 957 4440 the
967 4387 1047 4453 lyme,
1058 4389 1138 4440 below
1150 4387 1301 4442 Gateshcad.
1383 4456 1390 4469 ι

328 4453 455 4520 Probsby
466 4453 615 4506 Gatsshcad.
899 4453 1029 4517 ‘Hcttom
1047 4455 1139 4520 Akeld,
1153 4457 1204 4511 and
1219 4456 1366 4510 Weetwood
1382 4473 1411 4512 ln

302 4519 312 4550 ²
329 4520 457 4594 Probably
474 4520 621 4581 Dubholmc
640 4536 670 4574 or
692 4520 815 4576 Dubholo
867 4521 988 4583 Olcndalo
1000 4523 1091 4580 Ward.
