3278 5104
370 541 485 587 nesraa
507 543 604 604 aona,
628 541 965 598 66666666666666,
988 523 1032 586 40
1054 543 1138 588 666.
1161 542 1218 587 111.
1316 521 1377 584 101

233 690 374 774 scilicet,
385 694 428 761 16
442 696 588 780 quadam
603 699 700 763 trava
716 696 897 783 garbarum
912 695 1039 778 iurata,
1052 695 1156 778 venit,
1172 698 1207 761 at
1222 694 1379 760 defendit

231 777 446 847 latrocinium
474 787 646 864 ettotam,
663 783 811 871 etponit
826 805 862 848 se
877 804 978 870 super
999 785 1149 870 patriam
1167 783 1209 850 16
1230 783 1320 849 bono
1342 785 1378 848 et

232 867 332 933 malo.
378 870 425 934 Et
439 870 486 956 xij
503 871 525 936 J
526 876 679 937 uratores
694 875 729 937 et
744 871 823 957 iiijor
838 871 961 936 villatae
982 871 1238 957 propinquiores
1257 870 1377 934 dicunt

232 973 332 1039 super
354 961 602 1024 sacramentum
621 981 720 1023 suum
741 957 829 1043 quod
851 958 1033 1044 pradictus
1048 959 1215 1023 Ricardus
1229 959 1267 1021 in
1282 957 1377 1022 nullo

231 1045 283 1106 est
308 1044 485 1131 culpabilis
511 1045 552 1112 16
576 1045 689 1130 aliquo
718 1045 911 1127 malefacto,
935 1046 1002 1111 nisi
1030 1049 1168 1111 tantum
1192 1046 1234 1110 de
1260 1045 1375 1130 garbis

231 1128 366 1196 circiter
379 1132 441 1218 xij,
458 1154 541 1217 quas
563 1133 655 1219 cepit
674 1135 716 1199 16
739 1133 884 1217 quodam
905 1137 1008 1199 tasso.
1055 1133 1136 1198 Ideo
1159 1133 1305 1217 quietus,
1321 1135 1374 1197 set

229 1218 441 1370 fflffimr
454 1241 516 1306 pro
530 1220 811 1307 transgressione.
855 1221 902 1286 Et
923 1219 1056 1287 invenit
1074 1219 1205 1306 plegios
1228 1219 1270 1286 16
1294 1219 1374 1285 fida·

272 1325 293 1368 a
331 1355 339 1371 .

293 1443 315 1508 J
316 1443 467 1510 ohannes
482 1445 600 1511 Ravcn
615 1446 656 1512 de
672 1445 834 1526 Neusum,
849 1448 948 1531 pater
962 1445 1117 1532 ejusdem
1131 1444 1282 1526 Ricardi,
1295 1444 1374 1510 sub-

228 1528 336 1594 traxit
349 1552 384 1596 se
395 1553 456 1618 per
464 1533 620 1599 timorem
635 1534 788 1619 praedicti
797 1533 946 1614 Ricardi,
959 1533 1020 1598 filii
1031 1533 1084 1599 sui
1094 1560 1104 1612 3
1132 1555 1203 1599 666
1213 1533 1372 1599 malecre-

226 1616 320 1682 ditur
335 1618 376 1684 16
392 1620 505 1705 aliquo
531 1621 713 1686 malefacto
728 1621 795 1686 nisi
810 1621 852 1685 de
877 1623 1142 1706 receptamentc,
1157 1621 1234 1688 ideo
1252 1621 1371 1685 redeat

226 1703 257 1768 si
270 1705 365 1784 velit,
381 1711 434 1772 661
449 1707 573 1773 catalla
587 1708 663 1794 ejus
679 1709 909 1774 confiscantur
921 1729 983 1794 pro
997 1708 1093 1794 iuga.
1139 1707 1274 1774 Oatalla
1293 1707 1370 1793 ejus

224 1788 285 1855 lvii
295 1793 321 1856 ε’
337 1793 375 1879 iij
390 1794 434 1876 d’,
451 1796 541 1860 6616
556 1795 579 1860 J
581 1796 733 1860 ohannes
750 1795 791 1860 de
807 1795 977 1860 Lexinton
990 1795 1206 1881 respondeat,
1223 1816 1263 1860 66
1280 1795 1371 1879 quod
1498 1855 1501 1862 ,

225 1879 342 1945 ballivi
357 1881 432 1965 ejus
447 1886 610 1968 ceperunt
624 1883 786 1969 praedicta
800 1882 925 1948 catalla
939 1884 1013 1948 sine
1028 1887 1199 1948 warranto
1219 1886 1255 1947 et
1270 1886 1367 1947 ante·

226 1986 328 2049 quam
349 1970 545 2054 appreciata
565 1971 718 2035 fuerunt.
774 1970 898 2036 Postea
913 1971 1008 2035 venit
1024 1969 1207 2045 Walterus,
1227 1969 1370 2034 ballivus

224 2053 248 2118 J
248 2054 393 2120 ohannis
409 2057 450 2122 de
465 2058 646 2137 Lexinton,
663 2059 698 2124 et
713 2058 815 2124 finem
828 2057 914 2122 fecit
927 2077 989 2142 pro
1003 2057 1274 2142 transgressione
1284 2078 1368 2142 pree-

226 2140 310 2206 dicti
333 2143 471 2210 Ricardi
494 2149 529 2210 et
550 2167 612 2230 pro
635 2144 767 2210 catallis
791 2144 959 2232 praedicti·
972 2145 995 2208 J
997 2143 1141 2209 ohannis
1168 2144 1285 2210 Rauen
1309 2164 1370 2229 per

223 2229 324 2381 llll}
335 2252 398 2316 per
412 2230 563 2319 plegium
574 2231 721 2298 Galfridi
737 2232 778 2298 de
794 2231 989 2318 Wydeslad'
1005 2236 1040 2297 et
1055 2231 1194 2298 Rioardi
1209 2231 1250 2296 de
1265 2230 1372 2296 Here-

241 2337 279 2379 or
316 2367 324 2382 .

290 2454 1373 2537 11616661668611166161116166Β61661116616616166,11666616
1485 2435 1487 2438 ’

224 2540 415 2609 hernesiam
440 2543 569 2609 domini
595 2543 649 2608 sui
671 2544 715 2608 ad
729 2543 865 2609 Novum
887 2545 1057 2625 Castrum,
1080 2543 1220 2609 robatus
1242 2543 1311 2608 fuit
1336 2547 1371 2608 et

224 2629 354 2694 occisus
369 2630 406 2693 in
429 2651 523 2696 mora
544 2631 586 2696 16
608 2631 630 2696 J
633 2651 775 2698 esemue.
822 2630 996 2696 lohannes
1019 2631 1147 2712 Meum,
1163 2631 1293 2716 primus
1315 2630 1369 2693 in-

224 2721 354 2797 ventor,
365 2719 459 2782 venit
470 2723 505 2782 et
516 2739 585 2783 non
596 2718 843 2785 malecreditur.
889 2717 1049 2785 Nascitur
1060 2719 1136 2803 quis
1145 2739 1223 2784 eum
1234 2717 1369 2783 occidit.

224 2802 270 2867 ut
280 2803 405 2870 villatae
420 2805 462 2870 16
477 2804 654 2871 Goseiord'
674 2804 829 2870 Australi
844 2809 880 2870 61
894 2804 1100 2890 Pampeden'
1122 2826 1191 2870 666
1205 2807 1370 2872 venerunt

224 2891 548 2976 adinquisitionem,
564 2893 641 2959 ideo
655 2893 693 2958 in
708 2893 795 2959 mis'.
994 2977 996 2982 Ι

285 3030 308 3095 J
309 3031 454 3096 ohannis
469 3031 576 3118 Keye,
592 3031 729 3117 quidam
744 3032 883 3117 ignotus
899 3031 940 3098 16
955 3031 1165 3116 Episcopatu
1179 3029 1369 3095 Dunholm·

223 3139 313 3199 ense,
330 3119 501 3184 subtraxit
521 3141 557 3185 se
574 3140 635 3205 pro
654 3118 868 3204 suspectione
879 3117 1061 3200 latrocinii,
1077 3123 1113 3183 et
1129 3117 1370 3184 malecreditur

222 3205 262 3272 de
277 3206 378 3272 blado
393 3206 508 3273 furato
523 3207 560 3270 in
575 3205 721 3293 grangia
735 3208 756 3270 J
757 3205 902 3272 ohannis
918 3205 960 3271 16
982 3205 1105 3271 Bikere
1120 3208 1156 3270 et
1175 3204 1252 3270 61116
1268 3204 1370 3269 male-

219 3293 334 3374 factis,
350 3293 427 3359 1166
449 3293 608 3380 exigatur
622 3297 658 3359 et
679 3293 865 3380 utlagatur.
910 3293 1043 3359 Catulla
1058 3293 1129 3378 ejus
1151 3293 1198 3377 xij
1210 3293 1254 3374 d',
1278 3291 1369 3358 6616

220 3379 405 3447 vicecomes
419 3381 632 3468 respondeat.

288 3518 406 3583 Simon
431 3520 473 3584 de
503 3518 697 3586 Pinchebelr
725 3518 863 3583 iuratus
891 3516 962 3582 fuit
990 3538 1122 3603 pannos
1151 3517 1188 3581 in
1217 3516 1298 3582 villa
1328 3517 1369 3585 de

221 3607 433 3692 Morthpath‚
446 3611 482 3672 et
496 3607 589 3692 fugit
604 3607 649 3672 ad
664 3605 840 3671 ecclesiam
852 3606 893 3670 16
905 3604 1178 3691 Northgoseiord
1193 3608 1229 3669 61
1244 3626 1368 3690 cogno-

220 3694 270 3758 vit
291 3695 340 3760 ibi
363 3694 592 3775 latrocinium,
609 3697 644 3758 et
666 3693 835 3778 abjuravit
856 3713 1001 3778 regnum
1023 3713 1136 3757 coram
1158 3696 1368 3758 coronatore.

220 3781 352 3848 Catulla
366 3783 442 3866 ejus
458 3781 483 3868 ij
496 3783 536 3862 ε’,
551 3781 642 3846 unde
656 3780 841 3847 6166666166
856 3780 1069 3866 respondeat.

285 3918 455 3986 Henricus
472 3918 512 3983 de
527 3918 634 3984 Bosco
649 3918 691 3983 de
708 3917 855 3983 Sutthel’
872 3916 994 3984 cecidit
1016 3917 1058 3984 16
1082 3917 1226 4000 quodam
1241 3917 1367 3984 batello

219 4006 257 4070 in
272 4027 360 4091 aqua
375 4007 416 4107 (16
431 4006 524 4091 Tyne
533 4009 569 4070 et
585 4006 785 4108 submersit
823 4004 957 4069 Primus
972 4005 1134 4106 inventor
1148 4004 1367 4156 vpnrifitueltiplop

219 4092 559 4333 1131611161ῗο
567 4093 710 4262 ,titt
737 4092 1161 4261 titallltjlrt
1179 4114 1366 4246 ‘tauma

219 4289 341 4354 respon
364 4288 431 4333 ea.

251 4405 260 4437 ¹
277 4407 336 4472 Inq.
347 4405 417 4458 PM.
440 4422 473 4458 ou
491 4407 590 4459 Robcrt
605 4407 636 4460 16
653 4406 767 4460 (1166166
818 4405 917 4458 Idonea
927 4405 968 4458 his
979 4405 1048 4468 ((116,
1057 4404 1110 4456 and
1121 4405 1194 4457 John
1204 4403 1246 4456 his
1257 4419 1303 4456 666
1314 4403 1367 4456 and

215 4473 283 4526 61166
293 4473 450 4526 (1166116166
461 4474 540 4526 taken
556 4474 585 4526 in
595 4478 629 4526 82
645 4475 718 4526 1116.
731 4474 766 4536 1.,
818 4472 1086 4593 helrffilg'gfflossgl’
1097 4471 1168 4535 657).
