3272 5092
415 585 529 632 Assrzn
552 587 650 647 nott,
674 589 1012 652 repraesentatam),
1036 571 1078 634 53
1101 591 1185 635 nnn.
1208 591 1262 636 111.
1352 569 1414 634 183

326 739 445 805 Assisa
466 742 560 805 venit
583 744 801 828 recognitura
816 745 844 808 si
861 745 1008 810 Thomas
1024 746 1065 810 de
1081 744 1291 830 Ellyngton',
1317 747 1417 829 pater

261 827 408 910 Agnetis
436 829 477 892 de
503 829 703 914 Ellyngton,
730 831 800 894 fuit
827 832 964 896 seisitus
989 834 1023 896 in
1050 831 1221 897 dominico
1241 854 1302 896 suo
1317 835 1358 895 ut
1374 832 1416 894 de

260 915 361 978 feodo
385 914 426 978 de
449 918 678 1000 quadraginta
694 922 728 982 et
744 940 863 982 norem
887 920 974 984 acris
989 927 1088 984 terrae
1104 941 1179 984 cnm
1196 919 1414 1004 pertinentiis

261 1001 296 1064 in
320 1001 530 1086 Ellyngton',
555 1005 610 1068 die
633 1025 710 1088 quo,
731 1011 794 1071 etc.
841 1007 941 1087 Etsi,
959 1012 1023 1071 etc.
1070 1007 1162 1087 Quas
1178 1007 1328 1087 Bactris,
1344 1006 1417 1068 filia

261 1089 402 1152 Roberti
416 1091 580 1171 ,Bolume,
606 1091 719 1156 Hamo
743 1093 784 1156 de
807 1093 1006 1178 Ellyngton’
1023 1101 1057 1159 61
1071 1093 1193 1168 Alicio,
1219 1115 1303 1158 uxor
1330 1095 1414 1176 ejus,

261 1180 392 1254 tenent,
415 1179 473 1261 qui
498 1179 640 1244 veniunt
667 1184 701 1244 et
729 1179 849 1245 dicunt
874 1182 964 1265 quod
988 1182 1096 1246 assisa
1119 1203 1187 1246 non
1211 1181 1312 1247 debet
1334 1179 1415 1246 inde

262 1263 346 1343 fieri,
373 1265 451 1348 quia
475 1265 595 1328 dicunt
620 1267 708 1350 qnod
740 1268 902 1351 praedicta
933 1269 1049 1354 Agnes
1079 1267 1202 1332 habuit
1236 1267 1416 1351 quamdam

262 1371 421 1429 sororem,
438 1352 643 1417 Matillidem
666 1355 823 1434 nomine,'
842 1354 884 1419 de
911 1378 976 1439 qua
1002 1355 1109 1419 exivit
1126 1355 1265 1439 quidam
1285 1353 1417 1418 Willel-

262 1461 338 1503 mus
354 1438 395 1502 de
412 1438 620 1525 Ellyngton'‚
644 1441 703 1524 qui
725 1442 836 1506 adhuc
860 1447 1030 1526 superstes
1046 1447 1098 1508 est
1114 1445 1149 1508 et
1165 1444 1201 1506 in
1216 1442 1317 1526 plena
1332 1441 1415 1520 vita,

262 1531 297 1588 et
312 1525 370 1609 qui
385 1529 521 1590 tantum
534 1529 591 1611 jus
606 1527 709 1592 habet
723 1528 760 1590 in
775 1530 937 1612 praedicta
959 1535 1052 1594 terra
1071 1534 1239 1612 qnantum
1253 1528 1416 1613 pradicta

261 1614 389 1697 Agnes,
422 1615 555 1680 ratione
581 1614 750 1698 praedictae
776 1615 968 1696 Matillidis,
996 1619 1218 1681 matrissuae.
1264 1616 1310 1679 111
1337 1616 1417 1699 quia

262 1701 378 1784 Agnes
394 1722 463 1764 non
479 1705 594 1786 potest
610 1701 673 1766 hoc
689 1703 853 1783 dedicere,
871 1704 1119 1768 consideratum
1145 1710 1197 1768 est
1220 1703 1310 1786 quod
1333 1725 1415 1787 prae-

263 1787 355 1851 dicta
370 1787 510 1853 Beatrix
525 1795 559 1853 et
577 1789 636 1853 alii
651 1790 729 1853 inde
745 1790 818 1854 sine
841 1791 907 1871 die,
924 1797 959 1854 61
974 1791 1090 1874 Agnes
1106 1789 1210 1856 nichil
1227 1789 1341 1875 capiat
1356 1811 1416 1874 per

261 1876 361 1940 breve
377 1875 482 1955 istud,
500 1882 552 1940 set
568 1876 665 1940 sitin
681 1876 756 1941 mis'
773 1898 833 1962 pro
848 1878 937 1943 falso
953 1878 1108 1942 clamore.

328 2033 523 2116 Stephanus
550 2032 592 2096 de
615 2032 735 2097 Jarum
763 2033 917 2116 queritur
948 2033 1036 2117 quod
1071 2055 1146 2098 cum
1183 2032 1255 2117 ipse
1287 2032 1416 2096 dudum

261 2119 452 2186 exstitisset
466 2119 502 2183 in
519 2119 644 2186 seisina
660 2120 700 2183 de
719 2121 863 2204 triginta
879 2121 966 2184 acris
981 2124 1080 2184 terrae
1096 2142 1173 2185 cum
1195 2119 1414 2204 pertinentiis

261 2206 295 2268 in
328 2206 524 2291 Bamburg’‚
563 2228 623 2292 per
659 2207 908 2272 leofamentum
946 2208 1123 2293 eujusdam
1164 2206 1338 2291 ingerami
1373 2207 1415 2270 de

262 2293 472 2373 Warnham,¹
495 2295 646 2377 quaedam
671 2295 754 2374 Eva,
779 2315 851 2379 quse
873 2295 942 2358 fuit
966 2316 1051 2359 uxor
1071 2293 1243 2358 Ambrosii
1259 2295 1300 2358 (16
1316 2293 1415 2358 Bam-

260 2382 384 2466 burgh,
409 2383 445 2444 in
471 2382 629 2447 fraudem
655 2381 761 2467 ipsius
788 2383 954 2465 Stephani
978 2388 1013 2446 et
1046 2382 1279 2466 deceptionem
1314 2381 1415 2446 curiae

260 2468 372 2545 istius,
398 2469 625 2553 implacitavit
650 2469 849 2553 praedictum
874 2469 1093 2552 Ingeramum
1120 2470 1161 2531 de
1188 2471 1290 2532 tertia
1317 2479 1414 2553 parte

261 2557 498 2640 praedictarum
514 2556 661 2640 triginta
677 2578 831 2620 acrarum
854 2561 952 2622 terrae
975 2577 1051 2621 cum
1068 2555 1298 2640 pertinentiis,
1316 2559 1356 2618 ut
1372 2555 1414 2618 de

260 2644 340 2707 dote
356 2666 427 2724 sua,
445 2664 518 2726 quae
534 2665 607 2708 earn
625 2643 846 2727 contingebat
873 2644 914 2707 de
938 2643 1027 2706 dono
1051 2641 1205 2727 praedicti
1230 2642 1412 2721 Ambrosii,

261 2732 428 2813 quondam
457 2730 521 2793 viri
544 2730 608 2809 sui,
625 2752 664 2794 ac
680 2730 709 2794 si
724 2730 811 2795 idem
837 2729 1037 2814 Ingeramns
1061 2729 1252 2793 exstitisset
1267 2731 1303 2792 in
1320 2729 1412 2793 soisi-

259 2840 337 2882 nam
367 2819 408 2884 de
431 2818 595 2903 praedicta
617 2820 719 2881 terra.
766 2818 811 2880 Et
839 2817 996 2881 similiter
1021 2817 1111 2881 idem
1137 2816 1350 2900 Ingeramns,
1377 2817 1413 2879 in

258 2905 416 2969 fraudem
442 2905 596 2990 proedicti
631 2905 797 2988 Stephani
821 2910 857 2968 et
890 2905 1125 2988 deceptionem
1165 2904 1266 2967 curiae
1299 2903 1412 2985 istiuS,

259 2993 415 3076 permisit
431 3014 467 3056 se
483 2991 689 3076 implacitari
712 2992 754 3054 de.
777 2991 880 3056 tertia
905 2995 1001 3075 parte
1018 2991 1188 3075 praedictae
1204 2994 1313 3070 terrae,
1330 3012 1368 3054 ac
1385 2991 1413 3055 si

259 3081 331 3165 ipse
347 3080 535 3145 exstitisset
559 3078 595 3141 in
624 3078 749 3143 seisina
773 3079 815 3142 (16
841 3078 1003 3163 praediota
1018 3081 1120 3154 terra,
1144 3085 1180 3141 et
1206 3078 1314 3143 eidem
1335 3078 1413 3142 Evae

258 3168 408 3232 reddidit
434 3167 572 3232 tertiam
597 3171 729 3251 partem
753 3165 922 3249 pradictus
948 3174 1056 3244 terres,
1082 3165 1172 3227 unde
1204 3164 1289 3229 dicit
1323 3165 1410 3248 quod

259 3255 485 3320 deterioratus
501 3259 554 3318 est
570 3259 605 3316 et
620 3255 805 3337 dampnum
828 3253 932 3317 hahet
948 3254 990 3316 ad
1008 3251 1190 3316 valentiam
1213 3251 1338 3334 viginti
1359 3253 1412 3332 m',

258 3347 294 3406 et
307 3342 385 3407 inde
400 3341 557 3426 producit
573 3345 710 3405 sectam.
756 3340 803 3403 111
829 3339 1030 3424 Ingerarnus
1056 3345 1091 3402 et
1117 3339 1189 3402 Eva
1211 3340 1353 3404 veniunt
1379 3342 1414 3402 et

258 3428 449 3493 defendunt
486 3429 553 3492 vim
591 3433 626 3493 et
657 3427 831 3511 injuriam,
864 3427 1011 3510 quando,
1043 3431 1107 3490 etc.
1154 3425 1199 3488 111
1231 3425 1413 3510 pradictus

257 3517 458 3601 Ingerarnus
483 3517 568 3580 bene
593 3514 748 3580 defendit
772 3515 857 3598 quod
886 3514 968 3598 ipse,
994 3513 1030 3576 in
1056 3513 1289 3597 deceptionem
1312 3512 1413 3578 curiae

257 3605 369 3683 istius,
386 3625 454 3667 non
470 3602 626 3687 permisit
653 3603 762 3686 ipsum
791 3601 1009 3686 implacitari‚
1026 3605 1060 3664 et
1076 3599 1235 3664 similiter
1250 3600 1412 3684 praedicta

257 3693 330 3756 Eva
345 3692 427 3756 bene
444 3690 598 3756 defendit
614 3691 704 3773 qnod
719 3689 792 3773 ipsa
809 3689 845 3750 in
861 3688 1094 3772 deceptionem
1111 3685 1212 3751 curiae
1227 3686 1327 3751 istius
1344 3708 1412 3750 non

256 3778 482 3862 implacitavit
497 3777 696 3862 praedictum
711 3776 929 3860 Ingeramum
947 3777 988 3839 de
1004 3775 1109 3840 tertia
1123 3782 1220 3858 parte
1243 3773 1411 3858 praediotae

253 3869 365 3946 terrae,
392 3865 471 3949 quia
494 3865 677 3949 pradictus
704 3863 905 3948 ingeramus
932 3863 1016 3926 dicit
1043 3863 1133 3944 quod
1164 3862 1237 3945 ipse
1271 3861 1341 3924 fuit
1374 3861 1410 3924 in

257 3954 382 4018 seisiua
405 3953 446 4016 de
469 3951 632 4037 praedicto
654 3959 746 4016 terra
767 3955 808 4013 ut
830 3951 871 4016 de
893 3950 1006 4028 feodo,
1022 3949 1077 4012 die
1093 3969 1159 4031 quo
1174 3947 1246 4032 ipse
1263 3948 1413 4012 reddidit

256 4041 334 4105 Evae
360 4040 497 4104 tertiam
524 4043 656 4124 partem
678 4037 846 4122 praedictee
873 4043 979 4100 terroe.
1034 4036 1081 4099 111
1106 4036 1302 4119 Stephanus
1326 4035 1411 4100 dicit

255 4129 344 4212 quod
368 4129 440 4212 ipse
463 4127 533 4192 luit
559 4126 593 4189 in
621 4125 745 4190 seisina
767 4125 808 4188 de
829 4124 992 4209 praedicta
1005 4127 1098 4187 terra
1112 4123 1149 4185 in
1165 4121 1334 4186 dominico
1349 4144 1411 4187 suo

254 4221 294 4278 ut
310 4216 350 4281 de
364 4216 476 4293 feodo,
492 4221 645 4298 tempore
661 4233 726 4296 quo
742 4212 922 4296 praedictus
939 4211 1141 4294 Ingerarnus
1157 4209 1304 4274 reddidit
1327 4232 1410 4295 prce·

254 4303 352 4368 diotae
367 4302 446 4366 Evae
461 4301 597 4367 tertiam
615 4305 747 4384 partem
762 4299 931 4384 praedictae
946 4301 1053 4362 terrae.
1100 4296 1146 4359 111
1169 4297 1210 4359 (16
1235 4297 1297 4361 hoc
1313 4298 1411 4381 pouit

254 4413 290 4455 se
306 4411 407 4480 super
421 4390 580 4474 patriam.
627 4389 672 4451 Et
694 4386 895 4472 Ingerarnus
919 4397 954 4450 et
976 4385 1048 4449 Eva
1071 4384 1191 4447 dicunt
1212 4384 1303 4467 quod
1325 4407 1409 4469 prae-

327 4581 334 4613 ¹
353 4581 516 4649 Ingslramus
525 4596 571 4630 son
582 4579 634 4630 and
645 4578 701 4630 heir
713 4579 740 4628 ol
751 4578 862 4628 'Phomss
873 4578 905 4628 dc
917 4575 1088 4626 Warnetharn
1107 4574 1177 4637 (Cal.
1193 4576 1264 4638 Gen,
1277 4573 1294 4628 i.
1307 4579 1343 4640 ὃ).
