3264 5110
291 519 355 582 316
471 539 586 585 asama
609 540 707 602 aona,
731 540 1070 603 neumasensium),
1094 519 1113 586 7
1136 541 1224 588 now,
1247 542 1272 586 1.

358 693 568 778 Reginaldus
592 694 625 760 le
649 695 730 761 Scot
754 694 879 761 occidit
903 695 1109 762 Willelmum
1135 696 1290 762 Gilemon
1311 694 1348 758 in
1366 693 1446 758 villa

292 780 334 844 de
349 781 486 846 Lowick
510 786 544 847 et
568 781 687 847 statim
711 783 805 868 fugit
829 788 865 848 et
881 783 1130 863 malecreditur,
1146 782 1223 850 ideo
1238 783 1394 868 exigatur
1409 787 1445 846 et

293 866 477 953 utlagetur,
523 869 628 934 Nulla
650 869 771 934 habuit
794 869 929 936 catalla.
975 871 1022 935 Et
1039 870 1158 935 villata
1173 872 1214 938 de
1229 869 1362 937 Lowick
1376 891 1445 935 non

293 955 383 1040 oepit
398 957 520 1041 ipsum,
536 955 613 1021 ideo
629 957 664 1020 in
681 957 768 1022 mis’.
1333 1023 1339 1033 ,

356 1127 476 1208 Alicio,
500 1149 574 1211 quse
598 1127 668 1193 fuit
695 1149 777 1192 uxor
803 1127 943 1194 Roberti
970 1128 1012 1194 de
1038 1127 1087 1194 Co
1110 1127 1202 1207 land,
1233 1125 1383 1211 appellat
1408 1126 1445 1190 in

291 1217 458 1279 comitatu
480 1214 678 1280 Gervasinm
702 1214 840 1296 Avenel,
863 1217 1054 1282 iohannem
1070 1151 1179 1280 fliium
1194 1214 1344 1298 ejusdem
1361 1213 1445 1279 Ger-

293 1301 388 1381 vasii,
404 1303 546 1367 fratrem
572 1302 647 1387 ejus
675 1302 893 1383 Wiilelmum,
910 1303 1104 1388 garcionem
1139 1300 1304 1380 Gervasii,
1334 1301 1445 1364 Adam

292 1388 469 1468 Oolriniral,
485 1394 521 1454 et
539 1389 722 1454 Ricardum
741 1389 963 1475 Capelianum
986 1390 1027 1457 de
1050 1389 1190 1456 eeclesia
1215 1387 1333 1454 Sancti
1355 1389 1446 1452 Mar-

290 1475 367 1555 tini,
384 1476 426 1540 de
441 1497 523 1561 rapo
539 1483 574 1542 et
589 1498 670 1562 paee
685 1477 815 1541 domini
831 1476 935 1562 Regis
951 1477 1072 1543 fracta.
1111 1478 1158 1542 Et
1172 1477 1247 1562 ipsa
1261 1476 1361 1541 modo
1375 1496 1444 1539 non

292 1563 386 1629 venit
410 1567 445 1627 et
471 1585 540 1628 non
565 1565 769 1648 sequebatur
792 1585 907 1630 versus
933 1585 1001 1645 eos,
1028 1563 1094 1629 nisi
1119 1564 1162 1630 ad
1177 1573 1247 1629 tres
1262 1563 1444 1629 comitatus

292 1655 439 1728 tantum,
463 1651 539 1715 ideo
564 1651 638 1736 ipsa
662 1652 819 1738 capiatur
841 1655 877 1718 et
899 1651 1004 1738 plegii
1030 1652 1084 1716 sui
1105 1652 1146 1716 de
1161 1649 1392 1736 prosequendo
1407 1648 1444 1714 in

291 1737 377 1817 mis',
394 1737 534 1818 scilicet,
548 1738 568 1802 J
570 1739 694 1804 acubus
707 1739 748 1803 de
764 1738 941 1804 Houburn’
955 1744 990 1804 et
1001 1738 1170 1804 Robertus
1182 1738 1223 1803 de
1240 1737 1442 1803 Wetewode.

292 1826 338 1889 Et
354 1825 534 1890 Gervasius
550 1829 585 1890 et
600 1847 716 1890 omnes
733 1825 793 1890 alii
815 1848 884 1891 non
908 1830 1085 1900 venerunt,
1108 1830 1230 1911 prater
1253 1826 1445 1890 Jchannem

293 1912 334 1977 de
364 1912 587 1991 Branlreston,
610 1935 672 1979 nec
693 1913 837 1978 fuerunt
861 1913 1028 1979 atachiati
1051 1913 1131 1997 quia
1153 1912 1314 1998 praedicta
1337 1910 1446 1976 Alicia

292 1999 470 2065 deficiebat
482 1999 518 2062 in
534 2005 626 2064 secta
641 2021 712 2066 sua
752 2001 798 2064 Idt
812 2000 835 2065 J
836 2001 988 2066 ohannes
1008 2000 1100 2066 venit
1115 2003 1151 2065 et
1165 1999 1320 2065 defendit
1333 2003 1446 2064 totum

292 2090 329 2152 et
351 2087 510 2172 quicquid
532 2092 584 2152 est
608 2092 726 2153 contra
749 2109 867 2172 pacem
894 2088 1023 2153 domini
1048 2087 1163 2172 Regis.
1219 2087 1266 2152 lit
1288 2086 1387 2173 ponit
1410 2105 1446 2150 aa

293 2195 393 2258 super
413 2173 458 2258 xij
484 2174 653 2259 juratores
677 2175 829 2240 debono
855 2179 891 2241 et
918 2175 1017 2240 maio.
1064 2176 1110 2240 Et
1134 2174 1303 2258 juratores
1327 2173 1447 2240 dicunt

293 2262 381 2344 qnod
407 2265 553 2328 nonest
579 2262 768 2346 culpabilis,
796 2262 872 2327 ideo
902 2263 976 2347 ipse
1006 2261 1085 2327 inde
1111 2262 1266 2347 quietns3
1295 2266 1330 2327 et
1355 2259 1445 2347 quod

291 2369 407 2413 omnes
422 2348 482 2413 alii
497 2349 680 2434 culpabiles
696 2353 788 2430 aunt,
805 2348 881 2414 ideo
893 2349 960 2435 ipsi
973 2349 1010 2412 in
1027 2349 1114 2414 mis’.

358 2521 528 2588 Walterus
543 2521 575 2587 le
592 2522 682 2603 Scot,
703 2523 874 2588 Mathaeus
897 2521 928 2587 le
953 2521 1044 2602 Scot,
1067 2522 1177 2588 Adam
1192 2521 1225 2587 le
1240 2521 1389 2588 Machon
1404 2522 1446 2588 de

292 2609 579 2695 Ohewelingham¹
609 2610 838 2694 burgaverunt
875 2609 1013 2674 domum
1049 2608 1208 2675 Nicholai
1244 2609 1374 2689 (tollen,
1411 2615 1447 2675 et

292 2696 410 2762 statim
434 2697 528 2782 fugit
552 2701 587 2762 et
611 2697 859 2777 malecreditur,
887 2697 963 2762 ideo
987 2697 1171 2782 exigantur
1185 2700 1221 2761 et
1235 2696 1445 2781 utlagentur.

292 2783 398 2848 Nulla
420 2784 611 2850 habuerunt
634 2783 766 2850 catalla.
812 2785 858 2849 Et
880 2784 1004 2849 villatae
1026 2785 1067 2849 de
1083 2783 1251 2848 Hobum’2
1268 2788 1304 2849 et
1326 2784 1447 2869 Lymu’

292 2893 360 2936 non
376 2871 531 2936 iecerunt
547 2877 671 2936 sectam
688 2876 767 2957 post
781 2870 884 2957 ipsos,
901 2872 976 2936 ideo
991 2871 1027 2935 in
1044 2871 1131 2937 mis'.

357 3051 379 3115 J
380 3051 530 3118 ohannes
547 3051 711 3137 Sergrene
726 3051 841 3135 posuit
856 3072 892 3116 se
907 3050 943 3113 in
959 3049 1135 3115 ecclesiam
1155 3049 1273 3114 Sancti
1287 3049 1445 3117 Nicholai

291 3138 333 3202 de
358 3139 454 3203 Novo
481 3139 601 3205 Castro
626 3142 661 3202 et
687 3138 846 3222 cognovit
872 3159 907 3203 se
932 3159 1003 3203 esse
1027 3137 1207 3217 latronem,
1224 3142 1258 3204 et
1273 3137 1446 3223 abjuravit

291 3247 562 3398 ppgpplpplepotram
577 3229 784 3292 coronatore.
820 3224 953 3290 Catalla
968 3225 1044 3310 ejus
1060 3226 1140 3310 ψ’,
1156 3225 1247 3290 unde
1261 3224 1444 3293 vicecomes

356 3474 533 3539 Johannes
564 3471 653 3537 fflins
683 3471 861 3538 Cristianae
904 3471 945 3537 de
991 3470 1143 3556 Copland
1180 3475 1216 3537 et
1253 3472 1442 3538 Willelmus

293 3561 435 3628 Herbita
466 3561 507 3628 de
537 3560 695 3625 Dichand
726 3560 967 3626 subtraxerunt
994 3579 1030 3623 ac
1055 3563 1090 3622 et
1114 3559 1387 3626 malecreduntur
1404 3560 1445 3625 de

292 3650 446 3736 pluribus
469 3646 667 3727 latrociniis,
692 3647 768 3712 ideo
795 3647 978 3732 exigantur
1001 3650 1036 3710 et
1059 3645 1266 3731 utlagentur.
1313 3647 1446 3714 cauda

292 3736 376 3802 dicti
391 3737 411 3801 J
414 3734 559 3801 ohannis
573 3735 628 3798 va’
646 3735 719 3815 vd',
736 3733 860 3801 catalla
878 3733 963 3798 dicti
978 3732 1142 3798 Willelmi
1155 3733 1207 3819 liij
1219 3737 1244 3797 ε’
1262 3757 1283 3799 x
1293 3735 1338 3815 d’,
1354 3736 1444 3800 unde

291 3824 474 3890 vicecomes
490 3822 701 3907 respondeat.

357 3977 513 4057 Matidia,
537 3978 608 4042 filia
630 3978 735 4042 Aldin
758 3977 800 4042 de
815 3975 959 4042 Ulcestr’
982 3979 1017 4039 et
1040 3975 1208 4040 Robertus
1226 3973 1258 4042 le
1273 3975 1445 4044 Fichelere

293 4068 334 4132 de
362 4065 520 4132 Belforth
546 4067 789 4130 subtraxerunt
815 4085 850 4130 se
873 4069 909 4129 et
932 4062 1207 4128 malecreduntur
1229 4063 1270 4128 de
1292 4064 1444 4148 pluribus

291 4153 489 4233 latrociniis,
513 4153 589 4217 ideo
612 4155 770 4238 exigatur
792 4155 827 4215 et
846 4151 1033 4236 utlagetur,
1058 4155 1093 4215 et
1117 4149 1263 4214 Matillis
1289 4151 1445 4237 erigatur

292 4246 328 4307 et
354 4241 532 4306 vaivetur.³
586 4239 719 4305 Catella
748 4239 899 4324 ejusdem
929 4237 1083 4302 Matallis
1113 4237 1161 4321 xij
1175 4236 1201 4300 θ’
1226 4237 1298 4323 jd’,
1328 4239 1464 4310 eadem.

290 4329 412 4395 habuit
435 4331 562 4392 terram
584 4326 736 4406 liberam,
760 4327 851 4393 unde
879 4347 989 4390 annus
1008 4328 1044 4390 et
1061 4329 1196 4390 vastum
1218 4325 1274 4389 κε’
1298 4326 1445 4392 medium

323 4502 334 4602 ὲ
349 4500 800 4623 (ἐὴίὲὶὲηςὴιωέἶιβίοηᾱῗιίξὴῗῖυᾱ.
925 4497 937 4531 ⁸
953 4499 1006 4552 For
1015 4502 1144 4552 mutar.

380 4587 394 4623 e
428 4585 522 4622 urnan
585 4585 661 4622 nemo
712 4609 718 4622 .
