3272 5092
249 529 314 595 238
421 549 1021 611 assmuaonn,1rourrrmuamm,
1046 527 1065 594 7
1089 548 1176 596 tow.
1199 549 1224 594 1.

248 709 284 771 et
299 705 372 789 ejus
387 705 529 771 consilio
543 703 753 792 judicialiter
766 703 837 769 fuit
852 702 1046 785 diffinitum,
1062 703 1152 790 quod
1174 701 1307 768 nullum
1329 721 1400 768 cor-

248 791 387 878 negium
411 793 453 858 de
468 794 569 858 terris
590 797 625 859 ct
648 793 853 858 tenementis
876 791 911 855 in
937 790 1103 857 comitatu
1128 790 1196 856 isto
1223 794 1275 857 est
1300 809 1401 855 causa

249 879 396 944 habendi
423 880 612 945 custodiam
637 885 672 945 et
696 880 760 944 hoo
783 879 854 944 fuit
887 898 989 943 causa
1015 878 1190 964 cujusdem
1214 876 1333 963 placiti
1358 874 1400 942 16

248 966 403 1032 custodia
426 967 517 1033 inter
542 967 731 1033 Robertum
753 966 794 1032 16
811 965 931 1030 Insula
952 966 988 1031 et
1010 965 1205 1030 Johannem
1230 964 1272 1030 16
1297 964 1401 1028 Hert·

249 1055 403 1139 weyton’.
433 1055 478 1118 Et
493 1053 674 1139 praedictus
691 1054 865 1119 Johannes
881 1052 922 1117 de
938 1051 1077 1118 Aulton’
1094 1051 1200 1116 nichil
1214 1051 1307 1116 aliud
1317 1049 1402 1115 dicit

249 1162 352 1224 quare
367 1141 563 1226 praedictam
578 1140 767 1207 custodiam
784 1140 909 1206 habere
930 1139 1063 1220 debeat,
1080 1139 1330 1205 consideratum
1349 1139 1401 1201 est

249 1228 340 1312 qnod
355 1228 534 1314 pmdictus
546 1229 721 1294 Johannes
734 1227 775 1291 16
786 1228 942 1312 Wytton'
952 1230 1127 1311 recuperet
1138 1226 1218 1306 inde
1234 1224 1401 1311 seysinam

249 1335 356 1395 suam,
372 1322 408 1381 et
422 1313 597 1381 Johannes
612 1316 650 1379 in
666 1315 750 1379 mis’.
795 1315 842 1379 Et
856 1313 1049 1399 inquiratur
1063 1313 1105 1380 de
1120 1312 1288 1398 dampnis,
1304 1317 1369 1377 etc.

313 1403 336 1468 J
339 1407 489 1468 oratores
505 1403 625 1468 dicunt
641 1423 740 1487 super
761 1405 1011 1466 sacramentum
1039 1421 1137 1465 suum
1159 1399 1248 1485 quod
1263 1398 1400 1485 proedic·

249 1493 305 1553 tus
329 1490 497 1554 Robertus
528 1489 693 1554 sustinuit
718 1489 866 1573 dampna
899 1487 960 1573 xlij
972 1487 1015 1551 m’
1039 1490 1074 1553 et
1101 1486 1278 1551 dimidium
1305 1506 1400 1550 occa-

250 1577 343 1641 sione
360 1577 449 1661 quod
473 1577 655 1662 praedictus
673 1576 847 1641 Johannes
864 1575 895 1639 ei
911 1574 1113 1640 deforciavit
1131 1573 1292 1660 praedicta
1306 1575 1401 1636 tene-

250 1669 365 1729 menta
380 1685 401 1728 a
416 1668 567 1748 tempore
584 1662 702 1730 mortis
717 1663 870 1748 praedicti
885 1662 907 1726 J
909 1661 1065 1738 ohannis,
1083 1661 1188 1746 patris
1204 1660 1267 1740 sui,
1283 1663 1347 1726 etc.

315 1751 473 1836 Dampna
487 1751 548 1837 xlij
565 1751 610 1814 (η’
626 1755 662 1815 61
677 1750 723 1813 di'
739 1751 828 1814 unde
845 1750 891 1833 xij
906 1750 951 1813 m’
963 1756 999 1813 et
1013 1749 1060 1812 di'
1076 1752 1193 1834 captae.

315 1915 469 1998 Rogerus
493 1915 653 1980 Mauduit
677 1914 737 1978 dat
760 1935 864 1977 unam
878 1912 922 1976 m’
938 1934 999 1997 pro
1022 1911 1163 1976 licentia
1178 1909 1404 1978 concordandi

250 2023 326 2068 oum
351 2001 497 2066 Ricardo
522 2002 563 2068 de
591 2000 758 2066 Bernham
785 2003 820 2065 et
846 1998 968 2076 Alicio,
984 2020 1088 2065 uxore
1110 2001 1193 2084 ejus,
1210 1999 1251 2064 16
1275 1997 1403 2084 placito

250 2089 494 2168 conventionis,
510 2111 571 2174 per
585 2089 735 2174 plegium
750 2086 857 2173 ipsius
873 2087 1022 2152 Ricardi.
1069 2087 1113 2152 llt
1137 2087 1286 2152 habeant
1307 2107 1401 2170 cyro·

250 2176 441 2262 graphum,¹
460 2182 523 2242 etc.

319 2349 420 2432 Hugo
448 2347 537 2411 filius
563 2345 743 2425 Johanuis,
760 2345 818 2429 qui
842 2344 925 2408 tulit
951 2344 1100 2430 juratam
1117 2343 1241 2430 xxiiijor
1257 2343 1403 2408 militum

252 2436 295 2501 ad
311 2435 587 2514 convincendum,
604 2437 680 2512 etc,
697 2453 812 2496 versus
830 2431 1041 2496 Willelmum
1057 2432 1099 2496 16
1114 2431 1263 2496 Neuton’
1274 2435 1309 2496 et
1321 2431 1404 2496 alios

251 2524 288 2587 in
303 2521 395 2586 brevi
411 2521 453 2586 16
468 2522 653 2588 tenement'
670 2519 707 2583 in
728 2519 879 2599 Neuton,
894 2540 963 2584 non
987 2523 1039 2583 est
1066 2522 1275 2604 prosecutus.
1320 2518 1403 2585 Ideo

251 2610 323 2695 ipse
339 2613 374 2672 ct
389 2607 494 2694 plegii
510 2607 562 2670 sui
578 2607 619 2672 de
644 2605 876 2692 prosequendo
901 2605 937 2669 in
960 2604 1048 2687 mis’,
1065 2605 1195 2670 scilicet
1210 2603 1403 2672 Willelmus

252 2698 293 2761 16
310 2695 459 2760 Faudon’
476 2700 510 2760 et
524 2694 671 2759 Thomas
688 2693 816 2777 Scharp
832 2692 873 2757 16
889 2692 1017 2772 eadem,
1033 2697 1097 2758 etc.
1186 2731 1190 2740 ·

316 2866 435 2931 Assisa
471 2865 565 2930 venit
594 2863 811 2948 recognitum
841 2862 871 2928 si
900 2861 1092 2929 Willelmus
1121 2862 1212 2928 filius
1238 2862 1403 2929 Willelmi

250 2953 390 3039 injuste,
407 2957 485 3031 etc,
502 2951 685 3018 dissaisivit
709 2949 906 3035 Philippum
930 2950 972 3014 16
997 2950 1210 3017 Brokesfetp
1227 2950 1268 3016 de
1293 2950 1398 3018 libero

251 3045 447 3107 tenemento
462 3041 497 3103 in
515 3036 712 3123 Elingham‚
727 3041 806 3122 post
820 3038 977 3122 primam,
993 3041 1067 3116 etc,
1085 3042 1120 3103 et
1143 3038 1232 3102 unde
1247 3038 1402 3122 queritur

252 3128 341 3213 quod
356 3127 541 3191 dissaisivit
556 3147 634 3189 cum
650 3125 691 3188 de
701 3146 881 3190 communa
895 3129 1043 3209 pasturae
1053 3146 1121 3190 sure
1132 3125 1168 3188 in
1184 3125 1293 3190 tribus
1309 3124 1400 3189 rodis

250 3221 360 3293 terra,
371 3218 435 3279 etc.
481 3214 527 3277 Et
542 3211 733 3276 Willelmus
748 3211 852 3290 venit,
865 3215 900 3277 et
912 3211 996 3276 dicit
1011 3212 1099 3297 quod
1114 3233 1174 3296 per
1188 3213 1287 3277 breve
1302 3233 1401 3277 suum

250 3302 405 3387 queritur
415 3299 627 3366 disseisiendi
640 3298 796 3365 delibero
806 3304 1000 3365 tenemento
1013 3320 1074 3364 suo
1086 3302 1121 3362 et
1137 3300 1173 3362 in
1188 3299 1323 3382 querela
1337 3321 1399 3364 sua

251 3389 405 3474 queritur
415 3388 457 3452 16
472 3408 652 3453 communa
667 3390 824 3471 pasturae,
842 3386 930 3451 unde
945 3385 1035 3470 petit
1056 3384 1221 3470 judicium
1236 3386 1278 3452 de
1293 3387 1400 3451 varia-

251 3478 344 3540 tione
366 3475 477 3541 brevis
500 3478 535 3538 et
558 3472 699 3557 quercla
722 3494 799 3537 suae.
845 3473 891 3537 Et
917 3471 1096 3558 Philippus
1118 3495 1185 3538 non
1210 3477 1323 3558 potest
1338 3472 1402 3538 hoc

251 3563 413 3628 dedicere.
460 3561 541 3627 Ideo
557 3560 808 3625 consideratum
823 3565 876 3624 est
899 3561 989 3643 quod
1010 3560 1192 3646 praedictus
1211 3559 1401 3624 Willelmus

252 3651 330 3716 inde
347 3650 420 3715 sine
436 3649 500 3728 die,
517 3653 551 3712 et
574 3647 753 3733 Philippus
776 3646 884 3712 nichil
904 3646 1016 3731 capiat
1032 3666 1092 3731 per
1114 3647 1213 3713 breve
1229 3647 1332 3726 istud,
1349 3649 1402 3713 set

251 3737 348 3803 sitin
363 3737 439 3801 mis'
454 3755 515 3821 pro
530 3735 619 3800 falso
635 3735 789 3814 clamore,
807 3737 870 3798 etc.

317 3907 434 3973 Simon
456 3906 544 3971 filins
567 3905 706 3970 Ricardi
728 3904 769 3971 16
792 3904 944 3989 Daylord
966 3904 1055 3990 petit
1069 3925 1183 3971 versus
1205 3903 1401 3990 Philippum

250 3995 291 4060 16
307 3993 506 4060 Brolresfeld
521 3996 658 4058 centum
673 3995 709 4059 et
720 3996 866 4076 quatuor
877 4013 972 4056 acres
983 4002 1082 4056 terrac
1093 4013 1168 4057 cum
1184 3992 1402 4076 pertinentiis

249 4083 285 4146 in
302 4082 496 4166 Elingham‚
513 4087 552 4144 ut
562 4081 618 4164 jus
635 4101 743 4157 suum,
760 4080 934 4163 perbreve
950 4078 991 4142 de
1007 4079 1172 4164 ingressu.

316 4170 362 4232 Et
377 4168 533 4253 Philipus
549 4167 641 4233 venit
656 4173 691 4230 et
706 4167 791 4231 dicit
806 4167 895 4250 quod
910 4165 1091 4251 praedictus
1108 4166 1223 4230 Simon
1241 4169 1293 4230 est
1308 4164 1402 4230 infra

250 4260 396 4336 estatem,
413 4277 475 4321 nec
490 4255 590 4319 debet
605 4254 636 4320 ei
652 4253 694 4318 ad
710 4253 775 4319 hoc
785 4253 884 4319 breve
895 4253 1096 4338 respondere
1113 4273 1283 4337 quousque
1296 4253 1402 4319 fuerit

283 4412 291 4446 ¹
307 4414 353 4466 Sec
362 4410 507 4476 Appendix‚
515 4411 574 4460 Feet
582 4409 801 4476 osdtmNortt·
854 4407 1016 4460 Brockssleld
1028 4407 1087 4459 held
1097 4407 1159 4459 land
1170 4407 1250 4472 lreely
1262 4407 1291 4458 ol
1303 4407 1400 4460 Robert

251 4481 324 4542 emh,
337 4481 408 4530 Eds.
421 4479 452 4534 I.,
465 4477 515 4528 No.
528 4479 568 4528 19.
852 4475 884 4526 16
904 4474 998 4526 Hilton
1018 4476 1084 4540 (Isq.
1103 4477 1184 4540 PM„
1203 4478 1234 4527 51
1254 4475 1320 4526 Her.
1337 4476 1402 4540 HL,

282 4545 407 4610 3ΡΙιίΙίρ,
435 4543 532 4608 Hugh,
553 4543 605 4595 and
628 4541 744 4596 Richard
770 4542 802 4596 16
853 4541 968 4605 Nom).
