3280 5112
244 524 288 588 48
397 543 512 588 nssmn
535 543 633 604 nom,
657 541 995 602 nonrnmrnnnrnrn,
1018 523 1061 586 40
1084 543 1166 588 nnn.
1189 543 1244 588 111.

162 729 167 742 ·
244 697 345 764 terris
372 701 407 764 et
433 698 639 764 tenementis
666 718 741 782 quae
767 696 888 763 hebuit
912 696 949 760 in
979 695 1149 762 dominico
1175 696 1212 760 in
1237 695 1400 783 praedicto

245 786 335 852 villo.

310 875 333 939 J
334 875 488 938 urntores
505 873 625 937 dicunt
637 873 727 956 qnod
740 871 922 958 proedictus
934 871 1088 958 Rogerus
1104 869 1135 936 le
1150 871 1223 936 Rue
1235 874 1271 936 et
1282 893 1400 938 omnen

246 959 306 1024 nlii
321 983 362 1026 ex
386 963 555 1046 prtecepto
579 959 736 1045 praedicti
761 959 857 1025 Petri
879 959 1076 1024 levaverunt
1091 959 1291 1042 praedietum
1307 963 1399 1044 eteg-

246 1070 330 1112 num
345 1047 484 1132 injuste,
501 1050 566 1112 etc.
612 1045 703 1127 Quin
715 1047 835 1111 dicunt
850 1046 939 1130 quod
951 1068 1011 1131 per
1023 1046 1222 1130 praedictnm
1238 1051 1398 1132 stagnum

245 1134 423 1220 inpeditur
447 1135 489 1198 de
514 1155 697 1200 commune
724 1156 785 1199 sun
811 1155 911 1218 quum
938 1133 974 1196 in
1001 1134 1119 1198 endem
1143 1133 1255 1218 plocio
1277 1135 1400 1199 hebere

247 1223 432 1287 consuevit.
465 1222 511 1286 Et
520 1223 625 1286 etiam
634 1221 671 1284 in
681 1223 799 1286 eodem
809 1226 933 1306 stagno
942 1220 1111 1285 retinetur
1121 1221 1303 1306 aliquando
1313 1244 1402 1306 equa

246 1332 319 1395 quae
335 1329 469 1374 currere
485 1307 663 1374 consuevit
679 1309 722 1373 nd
738 1308 969 1374 molendinum
986 1308 1140 1393 ejusdem
1156 1309 1179 1373 J
1181 1309 1338 1389 ohannis,
1352 1310 1402 1373 ite

247 1397 337 1481 qnod
353 1396 390 1460 in
417 1396 526 1460 multo
554 1396 783 1460 deterioretur
809 1395 1008 1480 praedictum
1036 1395 1270 1461 molendinum
1292 1417 1401 1461 suum.

247 1485 293 1549 nt
308 1484 384 1548 ideo
399 1483 651 1548 consideratum
680 1487 733 1548 est
759 1483 846 1566 quod
863 1481 1063 1567 praedictum
1079 1487 1239 1567 stagnum
1255 1487 1403 1569 proeter-

247 1575 351 1636 nntur
366 1571 410 1635 ed
426 1574 562 1635 custum
576 1569 729 1655 praedicti
750 1569 847 1635 Petri
869 1573 904 1636 et
929 1569 1084 1650 aliorum,
1108 1574 1273 1655 quantum
1295 1570 1402 1636 fuerit

247 1659 291 1723 ed
318 1662 571 1738 nocumentum,
588 1661 666 1736 etc,
681 1678 741 1742 per
765 1657 874 1722 visum
900 1656 1104 1742 juratorum.
1150 1659 1196 1722 Et
1221 1658 1344 1723 Petrus
1366 1663 1402 1723 et

247 1745 308 1810 ulii
323 1744 358 1808 in
376 1745 464 1810 mis’.
509 1745 620 1829 Plegii
636 1743 785 1810 Gnlfridi
799 1747 835 1808 et
851 1744 994 1809 eliorum
1010 1744 1180 1809 Robertue
1196 1745 1401 1830 Prrepositus

248 1833 290 1897 de
306 1831 517 1917 Glnnteleye,
533 1831 726 1896 Willelmue
742 1831 949 1916 Praepositns
973 1832 1014 1896 de
1033 1831 1229 1917 Ovengeren
1246 1833 1400 1918 Rogerus

249 1921 291 1986 de
308 1918 515 1998 Swnrelnnd,
529 1922 564 1985 et
580 1918 772 1985 Willelmue
788 1919 878 1984 filius
894 1919 1040 2005 Agnetis
1057 1919 1098 1984 de
1113 1919 1319 2006 Olonteleye,
1336 1927 1401 1987 ete.

248 2007 417 2093 Dampnn,
433 2006 576 2070 dimidie
591 2027 715 2071 meren.

313 2161 386 2225 Eva
412 2161 454 2226 de
469 2160 713 2242 Wnrondhem,
730 2182 804 2246 qnae
829 2160 912 2225 tulit
936 2161 1080 2226 assisam
1103 2183 1198 2228 novae
1216 2163 1403 2230 disseieinae

248 2269 364 2315 versun
391 2247 635 2332 Engelramnm
661 2248 702 2312 de
731 2248 991 2312 Worendehoml
1013 2252 1048 2314 et
1072 2249 1156 2315 alios
1183 2251 1220 2314 in
1247 2250 1340 2317 brevi
1361 2253 1402 2317 de

248 2340 445 2401 tenemento
469 2335 505 2399 in
522 2335 768 2412 Wnrondhem,
785 2338 923 2400 nonest
942 2341 1132 2420 prosecute.
1178 2336 1262 2402 Ideo
1277 2339 1354 2423 ipsa
1369 2346 1403 2406 et

248 2421 353 2508 plegii
370 2422 424 2486 nui
435 2423 475 2486 de
485 2422 718 2507 prosequendo
728 2421 763 2485 in
775 2420 862 2502 min’,
873 2421 1013 2504 scilicet,
1023 2425 1196 2491 Walterus
1207 2425 1250 2491 de
1261 2427 1403 2494 Comere

249 2513 285 2575 et
301 2509 495 2594 Stephanus
510 2507 621 2576 irater
634 2509 790 2596 ejusdem
808 2509 962 2592 walteri,
979 2514 1044 2577 etc.

314 2663 508 2728 Dnnlranus
532 2663 623 2728 filius
648 2664 787 2749 Rogeri,
803 2665 862 2748 qui
883 2666 968 2730 tulit
990 2667 1089 2734 breve
1104 2688 1199 2734 novae
1215 2669 1404 2737 dieseisinae

248 2771 366 2816 vernus
381 2750 567 2836 Hugonem
592 2751 633 2817 de
657 2752 809 2817 Bolebelr
833 2759 868 2819 et
892 2754 1086 2819 Johnnnem
1107 2756 1149 2820 de
1164 2755 1346 2824 Oreesewel
1362 2760 1404 2824 de

247 2837 355 2902 libero
380 2840 578 2903 tenemento
604 2837 638 2901 in
662 2838 875 2919 Rothewell’‚
900 2861 970 2905 non
993 2845 1046 2906 est
1065 2848 1275 2927 prosecutus.
1322 2844 1404 2910 Ideo

249 2926 321 3010 ipse
337 2929 372 2990 et
386 2923 493 3009 plegii
505 2925 557 2990 eni
573 2925 615 2990 de
627 2927 859 3011 prosequendo
871 2927 908 2992 in
920 2928 1008 3010 mie',
1020 2929 1162 3010 scilicet,
1174 2931 1197 2995 J
1197 2931 1350 2998 ohannes
1362 2934 1403 3000 de

249 3011 395 3096 Heydon
412 3015 447 3076 et
462 3012 485 3077 J
487 3012 612 3078 ncobue
628 3013 670 3077 de
685 3012 816 3099 Bolym.
929 3015 931 3024 '

314 3165 412 3229 Idem
428 3165 633 3246 numanus,
649 3167 707 3252 qui
722 3167 805 3233 tulit
820 3169 961 3234 annisum
978 3191 1073 3236 novae
1087 3172 1273 3239 dieeeisinae
1289 3196 1404 3240 versus

249 3254 433 3338 Hugonem
451 3252 492 3316 de
508 3252 656 3320 Bolebelr
672 3257 707 3318 et
734 3255 820 3321 alios
844 3255 881 3320 in
895 3257 988 3322 brevi
1004 3259 1046 3323 de
1063 3279 1241 3325 commune
1256 3267 1404 3346 paeturae

249 3341 287 3404 in
302 3339 494 3423 Rotheleg',
511 3361 583 3424 quae
602 3341 735 3426 petinet
758 3343 802 3406 ed
824 3343 968 3409 liberum
991 3350 1226 3412 tenementum
1252 3370 1350 3414 suum
1366 3351 1404 3414 in

250 3427 368 3492 eedem
383 3426 475 3506 villa,
497 3448 567 3492 non
593 3431 645 3493 est
672 3434 882 3513 prosecutus.
929 3432 1012 3497 Ideo
1028 3433 1101 3518 ipse
1122 3439 1157 3499 et
1171 3435 1277 3521 plegii
1293 3439 1347 3501 eui
1363 3439 1404 3502 de

247 3515 481 3600 prosequendo
511 3515 546 3577 in
578 3515 665 3597 mis’,
703 3516 846 3599 scilicet,
881 3518 1075 3586 Willelmus
1114 3523 1331 3608 Dunington'
1369 3530 1404 3591 et

249 3600 445 3666 Willelmus
463 3600 504 3666 de
519 3602 716 3688 Essebrug'.

312 3755 458 3819 Thomas
475 3754 516 3819 de
531 3755 746 3841 Hylderton'‚
763 3760 821 3842 qui
842 3759 925 3824 tulit
945 3761 1088 3828 aesinam
1104 3785 1199 3831 novae
1214 3766 1402 3834 dieeeisinae

248 3863 365 3907 versus
390 3841 543 3905 Priorem
570 3843 611 3906 de
635 3843 832 3929 Kyrlrehnm
861 3851 897 3912 et
922 3847 1006 3914 elios
1030 3849 1067 3914 in
1093 3852 1187 3917 brevi
1201 3854 1243 3919 de
1259 3856 1405 3938 quodem

248 3930 379 3995 fossato
395 3928 507 3994 levato
522 3929 559 3992 in
572 3929 782 3997 Hildercon’2
794 3935 838 3998 nd
850 3941 1093 4003 nocumentum
1105 3939 1202 4005 liberi
1217 3945 1405 4008 tenementi

249 4016 304 4082 nui
319 4015 356 4078 in
372 4016 490 4081 eodem
505 4017 597 4097 ville,
614 4019 710 4083 venit
732 4024 768 4085 et
791 4021 935 4086 retruxit
958 4044 1003 4090 se.
1049 4025 1132 4092 Ideo
1155 4027 1227 4113 ipse
1250 4032 1284 4094 et
1300 4029 1405 4116 plegii

248 4101 303 4169 sui
317 4104 552 4204 prosequendo
575 4104 612 4168 in
631 4105 719 4186 min',
737 4106 878 4189 scilicet,
895 4109 1071 4178 Johennen
1087 4113 1178 4180 filius
1195 4116 1339 4182 Henrici
1362 4119 1404 4185 de

248 4190 369 4255 Bedun
386 4193 422 4255 et
436 4189 628 4257 erlelmus
641 4193 683 4260 de
698 4195 829 4276 Bedun,
845 4200 909 4263 etc.

218 4398 223 4408 '
282 4392 343 4445 1Ιιι
376 4393 473 4446 lrnmun
504 4395 535 4446 de
566 4395 738 4473 Wernethnm
772 4416 801 4451 or
885 4398 1029 4455 'Ilderton
1060 4404 1089 4456 in
1127 4407 1283 4474 (loquetdnle
1316 4410 1405 4476 werd,

249 4459 347 4513 Werne
409 4475 481 4524 ,eon
501 4462 552 4513 and
570 4463 628 4514 herr
646 4465 673 4515 ol
691 4465 802 4520 'Phomns
852 4465 941 4520 North
952 4469 1077 4525 Division.
1104 4489 1115 4503 ⁶

248 4527 420 4580 Wurenthum
433 4529 502 4590 (001.
518 4531 589 4592 Gen,
602 4529 618 4582 l.
632 4529 668 4594 5).
