3264 5110
410 556 524 604 assur
546 556 646 618 aona,
667 556 1003 619 roaraouaaamrn,
1029 536 1047 603 7
1070 557 1157 605 anu.
1180 560 1205 606 1.
1324 536 1386 603 27⁷

239 711 312 796 ipse
321 731 390 778 non
402 712 505 778 venit.
516 713 562 776 Et
570 713 775 798 praeceptum
782 711 853 777 fuit
862 711 1052 778 vicecomiti
1061 714 1151 798 quod
1162 711 1385 780 summoniret

239 819 317 864 eum
332 800 420 884 quod
435 802 524 867 esset
538 799 595 864 hic
609 799 654 864 ad
671 800 763 864 hunc
777 799 877 865 diem.
923 800 969 864 Mt
984 799 1166 868 vicecomes
1182 799 1289 866 nichil
1303 800 1384 865 inde

239 885 334 967 fecit,
350 891 403 952 set
418 887 617 952 mandatum
643 887 732 971 quod
748 886 888 953 clericus
908 891 961 953 est
984 890 1020 953 et
1039 909 1109 954 non
1132 888 1237 953 habet
1251 887 1384 972 laycum

239 972 377 1040 feodum
386 974 445 1040 ubi
459 977 585 1058 potest,
601 977 664 1040 etc.
694 973 777 1040 Ideo
792 975 989 1040 mandatum
1004 978 1057 1040 est
1065 975 1227 1056 waltero,
1242 974 1383 1040 Archio-

239 1061 377 1146 piscopo
389 1061 604 1141 Mboracensi,
620 1061 710 1146 qnod
735 1061 842 1127 faciat
864 1082 942 1127 eum
956 1062 1071 1128 venire
1091 1063 1181 1149 apud
1195 1062 1384 1128 Eboracum

239 1148 277 1211 in
292 1148 431 1215 Octabis
447 1151 580 1214 Sanctae
591 1147 771 1214 Trinitatis
783 1149 827 1213 ad
838 1149 1119 1236 respondendum,
1135 1153 1201 1218 etc.
1238 1151 1284 1215 Et
1293 1149 1383 1214 unde

239 1235 423 1303 vicecomes
438 1235 625 1317 mandavit,
641 1239 706 1301 etc.

297 1405 661 1473 Gumbr’.—Henricus
676 1406 766 1472 filius
777 1407 860 1473 Adae
874 1407 1085 1474 attachiatus
1096 1407 1218 1475 luitad
1227 1430 1383 1496 resspon-

239 1495 387 1559 dendum
399 1494 509 1560 Priori
518 1495 560 1560 de
569 1494 793 1561 Hextlesham
805 1496 847 1560 de
856 1495 983 1580 placito
998 1515 1100 1581 quare
1111 1496 1195 1581 ipse,
1204 1496 1383 1562 aimulcum

208 1635 211 1644 .
239 1582 389 1648 Robcrto
414 1582 455 1649 de
480 1581 597 1650 Veteri
625 1585 730 1667 ponte
754 1585 790 1646 et
813 1581 944 1647 Thomu
968 1582 1134 1662 Godberd,
1162 1583 1195 1649 vi
1220 1589 1255 1650 et
1278 1585 1381 1651 armis

239 1674 403 1736 venerunt
419 1670 462 1734 ad
478 1667 663 1753 separalem
677 1671 852 1754 pasturam
875 1669 982 1755 ipsius
997 1670 1125 1736 Prioris
1148 1670 1185 1734 in
1205 1671 1381 1737 Aldeston'

239 1761 274 1824 et
288 1761 464 1842 pasturam
478 1756 572 1821 illam
599 1778 674 1822 cum
689 1755 811 1821 averiis
837 1757 907 1823 suis
923 1756 1072 1842 despasti
1094 1757 1237 1822 fuerunt
1259 1764 1295 1826 et
1314 1759 1383 1824 clia

239 1845 390 1910 enormia
404 1844 512 1909 eidem
527 1843 639 1909 Priori
652 1843 779 1909 ibidem
794 1844 994 1924 intulerunt,
1015 1845 1058 1909 ad
1073 1845 1180 1930 ipsius
1196 1845 1382 1930 dampnum

239 1932 364 2017 viginti
388 1932 424 1996 li’
445 1935 480 1998 et
504 1934 622 1996 contra
645 1951 772 2016 paoem,
794 1934 858 1998 eto.
904 1931 950 1995 Et
973 1932 1063 1996 unde
1086 1932 1176 1998 idem
1199 1933 1308 2014 Prior,
1323 1955 1384 2018 per

240 2022 452 2084 attomatam
468 2039 576 2098 suum,
598 2017 683 2084 dicit
698 2018 786 2102 quod
800 2018 980 2104 predictus
996 2018 1177 2100 Henricus,
1205 2020 1384 2086 simulcum

238 2105 328 2186 aliis,
353 2106 408 2173 die
431 2105 591 2171 Mercurii
616 2105 770 2190 proxima
796 2109 875 2191 post
900 2104 1027 2172 festum
1054 2107 1171 2172 Sancti
1197 2107 1384 2190 Michaelis,

168 2193 171 2198 ’
239 2215 330 2258 anno
344 2193 474 2259 domini
495 2193 599 2280 Regis
621 2215 712 2258 nunc
735 2191 865 2276 quinto,
891 2193 982 2258 vict
1006 2193 1118 2272 armis,
1144 2193 1284 2276 scilicet,
1308 2217 1385 2260 cum

239 2280 362 2366 gladiis
377 2282 413 2348 et
426 2281 568 2361 hachiis,
596 2280 740 2346 arcubus
760 2283 796 2344 et
818 2278 966 2366 sagittis,
988 2284 1156 2345 venerunt
1178 2281 1216 2345 in
1238 2283 1384 2366 quodam

240 2371 332 2433 certo
346 2366 429 2449 loco,
445 2369 503 2453 qui
517 2371 656 2433 vocatur
670 2367 855 2446 Preetdale‚
875 2370 911 2432 et
926 2366 984 2451 qui
996 2371 1049 2432 est
1069 2369 1229 2452 separalis
1244 2373 1385 2454 pastura

238 2455 345 2539 ipsius
370 2455 507 2536 Primis,
529 2459 563 2521 et
578 2475 652 2520 eam
667 2475 745 2520 cum
760 2453 881 2520 averiis
903 2454 984 2534 suis,
1008 2454 1147 2536 scilicet,
1172 2477 1248 2521 curn
1263 2457 1381 2538 bobus,

238 2542 360 2624 vaccis,
376 2546 411 2608 et
426 2543 531 2629 equis,
548 2545 583 2608 et
598 2541 673 2608 aliis
688 2541 864 2627 pecoribus
876 2540 945 2605 suis
961 2541 1094 2627 depasti
1108 2543 1260 2624 fuerunt,
1271 2545 1384 2611 etalio

239 2631 390 2697 enormia
404 2630 512 2696 eidem
528 2629 638 2695 Priori
657 2629 784 2694 ibidem
803 2626 1003 2709 intulerunt,
1025 2627 1164 2710 scilicet,
1182 2629 1289 2714 hayas
1305 2653 1383 2697 suas

238 2717 365 2782 ibidem
379 2719 569 2804 fregerunt,
590 2717 680 2782 unde
695 2714 779 2781 dicit
794 2716 884 2800 quod
907 2715 1130 2782 deterioratae
1151 2721 1203 2782 cst
1217 2720 1253 2784 et
1267 2719 1385 2804 damp-

238 2827 321 2870 num
331 2805 436 2871 habet
451 2806 494 2869 ad
508 2803 692 2870 valentiam
702 2802 828 2888 viginti
842 2803 890 2868 li'.
927 2802 973 2866 at
987 2803 1066 2868 inde
1076 2804 1234 2888 producit
1245 2809 1383 2887 sectam,

239 2896 304 2960 etc.

302 2980 349 3044 Mt
371 2979 541 3044 Henricus
556 2977 650 3042 venit
672 2979 708 3043 et
730 2975 883 3043 defendit
897 2976 965 3041 vim
991 2979 1027 3042 et
1048 2977 1211 3062 injuriam
1236 2979 1382 3063 quando,

239 3071 303 3133 etc.
348 3068 395 3131 Mt
413 3067 498 3134 bene
519 3064 675 3132 defendit
697 3064 787 3148 quod
805 3064 876 3147 ipse
899 3084 1072 3147 nunquam
1095 3065 1262 3150 praediotis
1277 3066 1333 3131 die
1348 3072 1383 3134 et

240 3176 329 3220 anno
343 3153 438 3221 venit
454 3154 497 3218 ad
510 3153 659 3238 aliquam
675 3150 859 3236 sepsi-alem
869 3153 1043 3235 pasturam
1058 3151 1164 3236 ipsius
1179 3153 1306 3218 Prioris
1321 3175 1383 3220 nec

239 3243 380 3307 eandem
394 3245 569 3326 pasturam
584 3261 660 3305 oum
681 3237 801 3304 averiis
817 3237 886 3302 suis
902 3238 935 3301 vi
950 3241 985 3303 et
1005 3239 1108 3304 armis
1123 3239 1284 3325 depastus
1299 3241 1380 3323 fuit,

238 3351 300 3396 nee
311 3329 459 3413 aliquam
470 3325 774 3412 transgressionem
783 3324 815 3389 ei
824 3323 909 3390 lecit
919 3324 1008 3390 sicut
1020 3326 1051 3390 ei
1063 3325 1206 3410 inponit.
1231 3328 1334 3393 Ponit
1346 3350 1382 3394 se

238 3438 339 3501 super
352 3415 508 3501 patriam.
540 3415 586 3478 Elt
601 3413 697 3477 Prior
713 3410 879 3478 similiter.
911 3411 993 3478 Ideo
1007 3419 1213 3498 praeceptum
1227 3419 1280 3480 est
1293 3415 1381 3481 vice-

239 3504 355 3570 comiti
370 3504 458 3588 quod
481 3501 594 3568 venire
612 3500 719 3565 faciat
734 3499 824 3584 apud
843 3497 997 3585 Appelby
1019 3500 1056 3564 in
1080 3501 1245 3567 comitatu
1267 3502 1380 3568 Weet·

237 3590 431 3657 merlandiae
445 3611 466 3655 a
481 3589 536 3654 die
557 3587 694 3654 Paschae
709 3586 746 3650 in
762 3607 867 3651 unum
886 3599 1046 3667 mensem,
1062 3587 1129 3652 nisi
1150 3588 1325 3655 lohannes
1341 3591 1382 3656 de

236 3678 402 3759 Vallibus,
417 3676 609 3742 Willelmus
625 3675 666 3741 de
683 3673 819 3754 Saham,
846 3672 1000 3758 Rogerus
1025 3675 1192 3761 Loveday,
1207 3676 1382 3743 lohannes

238 3765 279 3830 de
300 3766 527 3852 Metingham,
552 3768 587 3829 et
610 3761 778 3847 Magister
792 3760 938 3825 Thomas
953 3761 995 3826 do
1020 3761 1182 3827 Soditone
1197 3763 1250 3828 rel
1264 3784 1381 3829 corum

237 3852 371 3939 aliquis,
386 3853 491 3939 prius,
507 3854 582 3931 etc,
599 3849 659 3934 xij,
671 3853 748 3929 etc,
764 3868 824 3932 per
838 3867 933 3932 quos,
946 3852 1021 3928 etc,
1040 3851 1075 3913 et
1087 3849 1145 3934 qui
1160 3871 1232 3931 nec,
1248 3855 1325 3932 etc,
1337 3851 1382 3916 ad

237 3938 543 4027 recognoscendum
559 3937 596 4001 in
610 3937 721 4001 forma
736 3934 908 4020 praedicta.
954 3934 1043 4016 Quia
1057 3939 1141 4017 tam,
1157 3939 1221 4004 etc.

301 4112 398 4182 Idem
423 4109 532 4190 Prior,
555 4129 616 4194 per
639 4109 851 4173 attornatum
876 4125 985 4184 suum,
1015 4105 1142 4192 optulit
1165 4129 1201 4174 sc
1226 4107 1301 4194 iiija
1326 4110 1382 4177 die

237 4221 352 4267 versus
374 4199 559 4265 liebertum
585 4195 626 4260 de
648 4194 765 4260 Veteri
789 4196 893 4278 ponte
913 4196 949 4257 et
968 4193 1133 4259 Thomsm
1157 4195 1314 4262 Godberd
1339 4198 1382 4266 de

237 4287 363 4374 placito
379 4281 481 4372 quare
495 4284 571 4369 ipsi,
597 4281 774 4347 simulcum
797 4279 947 4345 Henrico
970 4279 1040 4346 fflio
1060 4281 1153 4362 Adra,
1178 4281 1213 4347 vi
1228 4285 1263 4350 et
1278 4287 1381 4352 armis

237 4369 461 4440 veneruntad
476 4368 662 4457 separalem
675 4371 851 4455 pasturam
862 4367 969 4452 ipsius
984 4367 1111 4433 Prioris
1123 4368 1157 4433 in
1169 4368 1335 4436 Alderton
1346 4377 1382 4438 et

237 4466 412 4547 pasturam
440 4459 535 4525 illam
564 4479 641 4524 cum
670 4454 790 4521 averiis
817 4454 887 4520 suia
916 4454 1050 4539 depasti
1078 4454 1230 4538 luerunt,
1255 4461 1290 4522 et
1313 4459 1382 4525 alia

237 4548 389 4615 enormia
403 4545 513 4614 eidem
527 4544 638 4612 Priori
652 4543 779 4611 ibidem
799 4541 1003 4623 intulerrmt,
1018 4541 1062 4608 ad
1077 4541 1183 4630 ipsius
1198 4543 1382 4633 dampnum
