3264 5110
241 509 304 574 294
407 531 521 575 nssrzu
549 532 646 591 aona,
669 531 1004 592 connumerentur),
1030 512 1048 578 7
1071 534 1157 578 auw.
1181 532 1206 578 1.

394 683 543 750 Pmorm
564 684 677 752 Buaor
701 685 792 753 Novr
815 685 941 753 essm
965 707 1073 752 aurun
1095 687 1231 753 Trana.

304 788 328 853 J
328 789 479 856 ohannes
495 788 536 854 de
557 788 677 854 Insula
698 789 786 874 petit
800 811 916 856 versus
932 790 1116 856 Ricardum
1131 791 1172 858 de
1188 789 1338 856 Ohilton'
1354 793 1390 854 ct

241 875 423 960 agnetem,
436 897 575 941 uxorem
598 877 681 960 ejus,
698 899 805 941 unum
827 878 1039 962 mesuagium
1061 883 1096 943 et
1121 879 1220 944 sexs'
1236 876 1389 944 redditus

240 984 319 1114 {hm
333 963 606 1116 pertidfintiisdent
617 963 698 1112 vlilla
712 964 801 1028 Novi
817 964 931 1031 Gastri
947 986 1047 1066 auger
1061 965 1201 1052 Tynana
1217 967 1391 1116 ffivmtffi

295 1070 406 1114 omam
471 1071 529 1114 nm
608 1071 704 1115 ernae
719 1072 825 1115 unum
840 1073 927 1118 mess
1009 1073 1068 1116 nm
1083 1074 1159 1118 oum
1263 1072 1330 1117 nen

241 1136 278 1199 in
293 1138 411 1203 eadem
425 1136 516 1217 villa,
533 1143 568 1201 et
582 1159 697 1202 versus
712 1137 899 1205 Robertnm
913 1073 1123 1205 ddahditford
1137 1072 1221 1205 duldd
1236 1140 1262 1202 ε’
1278 1136 1389 1202 reddi-

242 1228 387 1290 tuscum
401 1223 619 1309 pertinentiis
640 1225 676 1288 in
699 1225 817 1290 eadem
839 1225 929 1306 villa,
946 1232 981 1292 et
996 1247 1111 1292 versus
1134 1226 1157 1291 J
1158 1227 1326 1291 ohannem
1348 1223 1390 1289 de

244 1311 431 1396 Waynflete
446 1333 550 1375 unam
573 1311 755 1396 schoppam
778 1333 855 1377 curn
881 1312 968 1398 perti
973 1313 1098 1378 nentiis
1114 1313 1150 1377 in
1166 1313 1284 1379 eadem
1297 1311 1389 1390 villa,

242 1402 278 1463 et
292 1419 407 1464 versus
423 1397 633 1463 Willelmnm
648 1399 690 1463 de
706 1399 866 1483 Kyneton
891 1421 995 1465 unam
1019 1401 1179 1486 schopam
1194 1421 1269 1466 oum
1285 1397 1388 1484 perti-

243 1485 370 1550 nentiis
386 1487 423 1549 in
438 1484 554 1550 eadem
570 1484 660 1566 ville„
676 1489 712 1550 et
727 1507 842 1553 versus
857 1488 967 1551 Adam
982 1487 1100 1553 Monte
1111 1509 1212 1553 unam
1230 1488 1391 1571 schopam

243 1595 319 1638 cnm
344 1571 561 1657 pertinentiis
585 1573 621 1636 in
647 1572 762 1638 endem
778 1573 868 1654 villa,
885 1577 921 1638 et
935 1595 1049 1639 versus
1065 1573 1256 1642 Gssbertnm
1280 1573 1388 1638 filium

242 1660 322 1724 Edae
336 1681 439 1724 unam
454 1660 614 1743 schopam
634 1681 711 1725 cum
733 1660 950 1744 pertinentiis
974 1662 1011 1726 in
1034 1661 1150 1728 eadem
1165 1661 1256 1742 villa,
1272 1664 1312 1724 ut
1332 1659 1390 1744 jus

243 1767 341 1811 sunm
356 1767 417 1832 per
431 1746 530 1811 breve
544 1747 585 1810 de
601 1753 693 1812 recto
708 1751 840 1832 patens,
865 1752 900 1814 et
922 1750 1012 1814 unde
1034 1748 1170 1833 quidam
1186 1747 1390 1826 Willelmus,

243 1839 434 1900 antecessor
449 1855 541 1912 suus,
557 1833 626 1898 fuit
652 1835 798 1917 seysitus
812 1835 849 1897 in
864 1836 1034 1900 dominico
1051 1856 1112 1900 sno
1126 1839 1167 1900 ut
1182 1838 1223 1901 de
1238 1835 1338 1900 feodo
1354 1839 1389 1900 et

241 1921 318 2005 jure
347 1925 497 2006 tempore
521 1921 614 2005 pacis
639 1925 790 2006 tempore
816 1921 946 1986 domini
973 1921 1114 1987 Henrici
1139 1923 1254 2009 Regis,
1282 1921 1390 2007 patris

241 2007 371 2073 domini
385 2007 490 2091 Regis
506 2028 607 2086 nuno,
625 2007 787 2093 capiendo
803 2008 882 2076 inde
897 2009 1045 2095 expletis
1060 2011 1103 2074 ad
1119 2010 1312 2089 valentiam,
1325 2011 1390 2074 etc.

241 2095 288 2160 Et
303 2096 344 2160 de
360 2095 434 2179 ipso
450 2093 634 2174 Willelmo,
650 2096 731 2178 quia
753 2095 839 2161 obiit
863 2096 936 2161 sine
959 2096 1081 2164 herede
1096 2098 1138 2161 de
1153 2119 1199 2178 se,
1217 2095 1392 2163 descendit

240 2183 308 2268 jus,
332 2187 409 2260 etc,
434 2180 567 2246 cuidam
594 2181 722 2267 Agneti
749 2186 788 2247 nt
814 2183 919 2248 sorori
946 2182 1132 2249 etheredi.
1178 2183 1224 2249 Et
1250 2184 1291 2249 de
1316 2183 1392 2268 ipsa

241 2269 376 2353 Agncte
391 2267 567 2334 descendit
581 2268 649 2353 jus,
666 2272 742 2348 etc,
759 2269 892 2334 cuidam
909 2272 930 2334 J
932 2270 1059 2335 ohanni
1073 2274 1114 2335 ut
1130 2271 1199 2336 clio
1215 2276 1249 2338 et
1264 2270 1390 2337 heredi.

243 2358 288 2420 Et
304 2357 344 2422 de
360 2356 433 2440 ipso
448 2354 615 2435 Johanne,
633 2355 712 2438 quia
735 2357 821 2421 obiit
847 2358 920 2422 sine
945 2358 1067 2424 herede
1089 2358 1131 2425 de
1155 2379 1202 2438 se,
1219 2357 1392 2425 descendit

242 2443 311 2528 jus,
327 2452 403 2522 etc,
419 2441 477 2506 isti
493 2441 654 2522 Johanni,
671 2443 728 2526 qui
743 2465 834 2509 nnnc
849 2445 947 2528 petit,
963 2449 1002 2509 nt
1017 2445 1118 2509 fratri
1133 2452 1169 2510 et
1184 2443 1309 2509 heredi.
1347 2445 1393 2508 Et

244 2530 332 2614 quod
346 2530 416 2595 tale
431 2529 478 2592 sit
497 2531 551 2614 jus
580 2550 677 2594 sunm
693 2530 804 2610 offert,
820 2535 895 2612 etc,
912 2530 1392 2599 secundumconsuetudinem

243 2617 342 2701 burgi
358 2616 446 2681 Novi
460 2615 574 2680 Oastri
589 2638 689 2700 snper
703 2617 844 2702 Tynam.

308 2705 354 2768 Et
369 2703 534 2767 Ricardus
550 2707 586 2767 et
599 2704 715 2788 Agnes
731 2709 765 2770 et
780 2725 895 2770 omnes
910 2705 970 2769 alii
982 2705 1132 2771 veniunt.
1166 2707 1212 2771 at
1223 2706 1392 2772 Robertus

244 2791 286 2856 de
301 2789 456 2891 hditford
472 2791 513 2854 de
529 2789 659 2890 duabus
674 2792 699 2854 ε’
715 2791 868 2857 redditus
883 2813 997 2858 versus
1007 2813 1083 2858 eum
1098 2793 1229 2879 petitis,
1240 2793 1394 2858 defendit

244 2876 918 3049 tttptttttactcsstctrt.
932 2886 1394 3052 ‘ttttttttttffitt

246 3051 444 3130 Willelmus,
461 3055 655 3115 antecessor
667 3052 775 3136 ipsius
791 3052 813 3117 J
815 3054 970 3133 ohannis,
988 3054 1029 3119 de
1045 3057 1141 3139 cnjus
1157 3055 1300 3140 seysina,
1317 3060 1392 3133 eta,

245 3138 391 3203 feofavit
411 3137 490 3203 inde
515 3138 693 3221 quemdam
716 3139 1000 3206 Bartholomaeum
1024 3140 1056 3206 le
1081 3141 1187 3207 Olerc.
1233 3143 1279 3206 Et
1304 3141 1392 3206 idem

245 3225 511 3291 Bartholomaeus
537 3224 647 3309 ipsum
675 3225 862 3291 Robertum
887 3233 1006 3312 postea
1028 3229 1108 3294 inde
1132 3229 1288 3309 feofnvit
1303 3230 1394 3293 unde

246 3313 382 3398 praecise
398 3311 554 3376 defendit
576 3311 634 3396 jus
648 3313 755 3396 ipsius
778 3315 798 3376 J
801 3314 946 3379 ohannis
970 3318 1005 3381 et
1028 3316 1126 3401 ponit
1141 3337 1176 3381 se
1192 3316 1228 3379 in
1242 3317 1394 3402 juratam

248 3400 346 3484 burgi
362 3398 449 3463 Novi
464 3398 576 3464 Oastri
600 3420 700 3484 snper
714 3400 854 3484 Tynam,
870 3400 943 3466 loco
968 3424 1099 3487 magnac
1125 3403 1239 3468 assisa
1264 3402 1394 3468 domini

247 3488 363 3572 Regis,
394 3490 430 3550 et
459 3486 547 3572 petit
576 3487 842 3571 recognitionem
872 3489 945 3553 fieri
973 3492 1089 3554 utrum
1112 3491 1185 3575 ipse
1208 3491 1317 3574 majus
1338 3492 1394 3574 jus

248 3575 373 3639 habeat
387 3572 424 3635 in
439 3573 600 3657 praedicto
622 3573 758 3639 redditu
783 3595 843 3659 per
861 3575 1108 3661 feofamentum
1132 3577 1286 3662 praedioti
1311 3576 1393 3641 Bar-

248 3660 429 3739 tholomaei,
468 3680 567 3744 quem
604 3660 783 3745 praedictus
820 3661 1023 3744 Willelmns,
1060 3668 1254 3730 antecessor
1289 3663 1395 3749 ipsius

248 3749 270 3812 J
272 3747 428 3826 ohannis,
444 3746 486 3811 de
502 3747 597 3832 cujus
614 3747 758 3833 seysina‚
771 3751 846 3828 etc,
857 3749 937 3813 inde
951 3750 1104 3829 feofavit,
1118 3752 1208 3816 sicut
1222 3771 1278 3816 eas
1290 3756 1395 3830 tenet,

250 3857 294 3900 an
323 3833 503 3918 praedictus
528 3834 713 3899 Johannes.
769 3835 815 3900 nt
843 3837 960 3900 Simon
986 3839 1090 3923 Skyn,
1119 3839 1234 3903 Simon
1259 3839 1290 3902 le
1314 3837 1394 3904 Oar-

249 3929 378 4008 penter,
395 3919 586 3985 Willolmus
601 3921 691 3986 filius
702 3922 791 4002 Evae,
800 3928 837 3987 et
852 3921 1024 3990 (tilbertus
1040 3926 1130 3990 filius
1145 3926 1236 4004 adae,
1253 3929 1399 4010 quatuor

251 4008 403 4073 homines
428 4008 515 4072 Novi
539 4007 663 4087 Oastri,
688 4010 885 4074 summoniti
912 4011 955 4076 ad
980 4011 1172 4093 eligendum
1200 4012 1297 4096 xijdm,
1320 4017 1396 4092 etc,

251 4099 416 4160 venerunt
432 4099 467 4160 et
482 4094 656 4179 elegerunt
670 4095 765 4176 istos,
782 4096 919 4178 scilicet,
938 4098 1146 4164 Willelmnm
1161 4100 1202 4164 de
1214 4098 1397 4180 Blakeden,

252 4183 427 4261 seniorem,
444 4181 609 4246 Jacobum
627 4181 658 4248 le
674 4182 797 4263 Tannr,
814 4185 996 4269 Hugonem
1011 4185 1042 4250 le
1057 4187 1219 4264 Hetham,
1236 4186 1398 4250 Milonem

253 4270 756 4355 Her',Robe1·tumAntegayn‚
773 4271 959 4337 Henricum
981 4272 1158 4352 clericum,
1181 4273 1399 4358 Radnlphum

251 4357 292 4423 de
304 4356 497 4436 Blakeden’,
509 4357 673 4422 Thomam
683 4358 724 4421 de
735 4357 925 4444 Horsleye,1
935 4360 1105 4426 Simonem
1119 4361 1214 4442 Skin,
1226 4361 1398 4427 Simonem

285 4478 293 4510 ¹
311 4478 421 4530 Thomas
437 4476 469 4529 de
491 4478 617 4544 Horssley
640 4477 749 4530 66666661
765 4493 800 4530 on
850 4479 1002 4544 Nswcastls,
1017 4481 1056 4534 ior
1070 4480 1176 4548 subridy
1193 4481 1221 4533 iu
1234 4485 1269 4534 24
1284 4481 1358 4534 ndu.
1374 4478 1398 4532 1.

252 4547 331 4625 goods
350 4546 379 4597 in
394 4545 439 4596 the
455 4545 547 4596 Parish
562 4546 589 4596 oi
605 4545 642 4597 St.
659 4545 799 4610 Andrsw'a
851 4549 918 4614 (lay
931 4549 1049 4615 Suter'dy,
1067 4551 1167 4612 1584).
