<?xml version="1.0" encoding="UTF-8"?>
<!DOCTYPE html PUBLIC "-//W3C//DTD XHTML 1.0 Transitional//EN"
    "http://www.w3.org/TR/xhtml1/DTD/xhtml1-transitional.dtd">
<html xmlns="http://www.w3.org/1999/xhtml" xml:lang="en" lang="en">
 <head>
  <title>
</title>
<meta http-equiv="Content-Type" content="text/html;charset=utf-8" />
  <meta name='ocr-system' content='tesseract 3.04.00' />
  <meta name='ocr-capabilities' content='ocr_page ocr_carea ocr_par ocr_line ocrx_word'/>
</head>
<body>
  <div class='ocr_page' id='page_1' title='image "./threeearlyassiz01pagegoog_0368.png"; bbox 0 0 3264 5110; ppageno 0'>
   <div class='ocr_carea' id='block_1_1' title="bbox 279 514 1262 596">
    <p class='ocr_par' dir='ltr' id='par_1_1' title="bbox 279 514 1262 596">
     <span class='ocr_line' id='line_1_1' title="bbox 279 514 1262 596; baseline 0 -16"><span class='ocrx_word' id='word_1_1' title='bbox 279 515 344 580; x_wconf 80' lang='grc'><strong>336</strong></span> <span class='ocrx_word' id='word_1_2' title='bbox 456 533 692 594; x_wconf 77' lang='grc'>1661666611,</span> <span class='ocrx_word' id='word_1_3' title='bbox 717 533 1058 596; x_wconf 78' lang='lat' dir='ltr'><strong>sonrnmsumso,</strong></span> <span class='ocrx_word' id='word_1_4' title='bbox 1084 514 1103 578; x_wconf 83' lang='lat'><strong>7</strong></span> <span class='ocrx_word' id='word_1_5' title='bbox 1127 533 1214 580; x_wconf 78' lang='lat' dir='ltr'><strong>snw.</strong></span> <span class='ocrx_word' id='word_1_6' title='bbox 1238 535 1262 581; x_wconf 89' lang='lat'><strong>1.</strong></span> 
     </span>
    </p>
   </div>
   <div class='ocr_carea' id='block_1_2' title="bbox 282 679 1438 1556">
    <p class='ocr_par' dir='ltr' id='par_1_2' title="bbox 282 679 1438 1556">
     <span class='ocr_line' id='line_1_2' title="bbox 284 679 1438 771; baseline -0.003 -22"><span class='ocrx_word' id='word_1_7' title='bbox 284 683 494 771; x_wconf 89' lang='lat' dir='ltr'><strong>septimanas</strong></span> <span class='ocrx_word' id='word_1_8' title='bbox 509 681 589 750; x_wconf 90' lang='lat' dir='ltr'><strong>inde</strong></span> <span class='ocrx_word' id='word_1_9' title='bbox 605 681 700 748; x_wconf 90' lang='lat' dir='ltr'><strong>obiit.</strong></span> <span class='ocrx_word' id='word_1_10' title='bbox 728 681 775 748; x_wconf 87' lang='grc'><strong>111</strong></span> <span class='ocrx_word' id='word_1_11' title='bbox 790 680 909 748; x_wconf 82' lang='lat' dir='ltr'><strong>statim</strong></span> <span class='ocrx_word' id='word_1_12' title='bbox 922 681 1088 766; x_wconf 80' lang='lat' dir='ltr'><strong>fugerunt</strong></span> <span class='ocrx_word' id='word_1_13' title='bbox 1102 685 1138 748; x_wconf 88' lang='lat' dir='ltr'><strong>et</strong></span> <span class='ocrx_word' id='word_1_14' title='bbox 1152 679 1438 762; x_wconf 82' lang='lat' dir='ltr'><strong>malcoreduntur,</strong></span> 
     </span>
     <span class='ocr_line' id='line_1_3' title="bbox 282 768 1437 856; baseline 0 -20"><span class='ocrx_word' id='word_1_15' title='bbox 282 771 359 838; x_wconf 92' lang='lat' dir='ltr'><strong>ideo</strong></span> <span class='ocrx_word' id='word_1_16' title='bbox 376 771 559 856; x_wconf 84' lang='lat' dir='ltr'><strong>exigantur</strong></span> <span class='ocrx_word' id='word_1_17' title='bbox 573 775 609 834; x_wconf 91' lang='grc'><strong>61</strong></span> <span class='ocrx_word' id='word_1_18' title='bbox 623 769 834 856; x_wconf 83' lang='lat' dir='ltr'><strong>utlagentur.</strong></span> <span class='ocrx_word' id='word_1_19' title='bbox 865 769 998 834; x_wconf 84' lang='lat' dir='ltr'><strong>Catulla</strong></span> <span class='ocrx_word' id='word_1_20' title='bbox 1013 768 1165 854; x_wconf 65' lang='lat' dir='ltr'><strong>praedicti</strong></span> <span class='ocrx_word' id='word_1_21' title='bbox 1177 769 1320 835; x_wconf 86' lang='lat' dir='ltr'><strong>Roberti</strong></span> <span class='ocrx_word' id='word_1_22' title='bbox 1331 769 1380 854; x_wconf 82' lang='lat' dir='ltr'><strong>xij</strong></span> <span class='ocrx_word' id='word_1_23' title='bbox 1391 771 1437 836; x_wconf 85' lang='lat' dir='ltr'><strong>d&#39;.</strong></span> 
     </span>
     <span class='ocr_line' id='line_1_4' title="bbox 282 856 1437 942; baseline -0.002 -19"><span class='ocrx_word' id='word_1_24' title='bbox 282 858 415 924; x_wconf 80' lang='lat' dir='ltr'><strong>Catulla</strong></span> <span class='ocrx_word' id='word_1_25' title='bbox 430 857 582 942; x_wconf 82' lang='lat' dir='ltr'><strong>pradicti</strong></span> <span class='ocrx_word' id='word_1_26' title='bbox 598 857 760 922; x_wconf 89' lang='lat' dir='ltr'><strong>Willelmi</strong></span> <span class='ocrx_word' id='word_1_27' title='bbox 777 857 802 940; x_wconf 82' lang='lat' dir='ltr'><strong>ij</strong></span> <span class='ocrx_word' id='word_1_28' title='bbox 816 857 854 921; x_wconf 77' lang='grc' dir='ltr'><strong>ε’.</strong></span> <span class='ocrx_word' id='word_1_29' title='bbox 900 857 996 922; x_wconf 85' lang='lat' dir='ltr'><strong>Idem</strong></span> <span class='ocrx_word' id='word_1_30' title='bbox 1011 856 1180 922; x_wconf 86' lang='lat' dir='ltr'><strong>Robertus</strong></span> <span class='ocrx_word' id='word_1_31' title='bbox 1195 857 1318 921; x_wconf 89' lang='lat' dir='ltr'><strong>habuit</strong></span> <span class='ocrx_word' id='word_1_32' title='bbox 1332 878 1437 941; x_wconf 89' lang='lat' dir='ltr'><strong>quan-</strong></span> 
     </span>
     <span class='ocr_line' id='line_1_5' title="bbox 284 943 1438 1028; baseline -0.001 -17"><span class='ocrx_word' id='word_1_33' title='bbox 284 945 362 1011; x_wconf 87' lang='lat' dir='ltr'><strong>dam</strong></span> <span class='ocrx_word' id='word_1_34' title='bbox 377 946 514 1010; x_wconf 93' lang='lat' dir='ltr'><strong>domum</strong></span> <span class='ocrx_word' id='word_1_35' title='bbox 531 945 566 1008; x_wconf 89' lang='lat' dir='ltr'><strong>in</strong></span> <span class='ocrx_word' id='word_1_36' title='bbox 578 944 680 1010; x_wconf 85' lang='lat' dir='ltr'><strong>feodo</strong></span> <span class='ocrx_word' id='word_1_37' title='bbox 695 945 785 1010; x_wconf 91' lang='lat' dir='ltr'><strong>unde</strong></span> <span class='ocrx_word' id='word_1_38' title='bbox 797 965 908 1009; x_wconf 86' lang='lat' dir='ltr'><strong>annus</strong></span> <span class='ocrx_word' id='word_1_39' title='bbox 923 947 959 1008; x_wconf 92' lang='lat' dir='ltr'><strong>et</strong></span> <span class='ocrx_word' id='word_1_40' title='bbox 973 949 1107 1008; x_wconf 91' lang='lat' dir='ltr'><strong>vastum</strong></span> <span class='ocrx_word' id='word_1_41' title='bbox 1124 943 1146 1028; x_wconf 92' lang='lat' dir='ltr'><strong>ij</strong></span> <span class='ocrx_word' id='word_1_42' title='bbox 1158 944 1184 1006; x_wconf 82' lang='lat' dir='ltr'><strong>a&#39;</strong></span> <span class='ocrx_word' id='word_1_43' title='bbox 1199 965 1220 1008; x_wconf 91' lang='lat' dir='ltr'><strong>v</strong></span> <span class='ocrx_word' id='word_1_44' title='bbox 1232 945 1276 1026; x_wconf 88' lang='lat' dir='ltr'><strong>d&#39;,</strong></span> <span class='ocrx_word' id='word_1_45' title='bbox 1288 945 1438 1010; x_wconf 88' lang='lat' dir='ltr'><strong>medium</strong></span> 
     </span>
     <span class='ocr_line' id='line_1_6' title="bbox 284 1030 1437 1118; baseline -0.003 -18"><span class='ocrx_word' id='word_1_46' title='bbox 284 1037 419 1118; x_wconf 85' lang='lat' dir='ltr'><strong>tempus</strong></span> <span class='ocrx_word' id='word_1_47' title='bbox 443 1032 469 1117; x_wconf 82' lang='lat' dir='ltr'><strong>ij</strong></span> <span class='ocrx_word' id='word_1_48' title='bbox 480 1033 518 1114; x_wconf 69' lang='grc' dir='ltr'><strong>ε’,</strong></span> <span class='ocrx_word' id='word_1_49' title='bbox 541 1038 577 1098; x_wconf 90' lang='lat' dir='ltr'><strong>et</strong></span> <span class='ocrx_word' id='word_1_50' title='bbox 600 1031 791 1097; x_wconf 91' lang='lat' dir='ltr'><strong>Willelmus</strong></span> <span class='ocrx_word' id='word_1_51' title='bbox 816 1030 974 1096; x_wconf 87' lang='lat' dir='ltr'><strong>similiter</strong></span> <span class='ocrx_word' id='word_1_52' title='bbox 999 1031 1121 1096; x_wconf 78' lang='lat' dir='ltr'><strong>habuit</strong></span> <span class='ocrx_word' id='word_1_53' title='bbox 1145 1036 1272 1099; x_wconf 89' lang='lat' dir='ltr'><strong>terram</strong></span> <span class='ocrx_word' id='word_1_54' title='bbox 1296 1031 1437 1097; x_wconf 83' lang='lat' dir='ltr'><strong>liberam</strong></span> 
     </span>
     <span class='ocr_line' id='line_1_7' title="bbox 283 1117 1437 1205; baseline -0.001 -20"><span class='ocrx_word' id='word_1_55' title='bbox 283 1121 374 1186; x_wconf 90' lang='lat' dir='ltr'><strong>unde</strong></span> <span class='ocrx_word' id='word_1_56' title='bbox 390 1141 500 1185; x_wconf 90' lang='lat' dir='ltr'><strong>annus</strong></span> <span class='ocrx_word' id='word_1_57' title='bbox 520 1125 556 1186; x_wconf 87' lang='lat' dir='ltr'><strong>et</strong></span> <span class='ocrx_word' id='word_1_58' title='bbox 572 1124 705 1184; x_wconf 87' lang='lat' dir='ltr'><strong>vastum</strong></span> <span class='ocrx_word' id='word_1_59' title='bbox 729 1119 754 1204; x_wconf 87' lang='lat' dir='ltr'><strong>ij</strong></span> <span class='ocrx_word' id='word_1_60' title='bbox 766 1121 792 1182; x_wconf 86' lang='lat' dir='ltr'><strong>s’</strong></span> <span class='ocrx_word' id='word_1_61' title='bbox 808 1117 856 1204; x_wconf 82' lang='lat' dir='ltr'><strong>vij</strong></span> <span class='ocrx_word' id='word_1_62' title='bbox 867 1119 913 1198; x_wconf 84' lang='lat' dir='ltr'><strong>d’,</strong></span> <span class='ocrx_word' id='word_1_63' title='bbox 935 1117 1084 1184; x_wconf 89' lang='lat' dir='ltr'><strong>medium</strong></span> <span class='ocrx_word' id='word_1_64' title='bbox 1099 1123 1234 1205; x_wconf 89' lang='lat' dir='ltr'><strong>tempus</strong></span> <span class='ocrx_word' id='word_1_65' title='bbox 1249 1119 1275 1203; x_wconf 82' lang='lat' dir='ltr'><strong>ij</strong></span> <span class='ocrx_word' id='word_1_66' title='bbox 1286 1119 1324 1200; x_wconf 74' lang='grc' dir='ltr'><strong>ε’,</strong></span> <span class='ocrx_word' id='word_1_67' title='bbox 1348 1118 1437 1184; x_wconf 91' lang='lat' dir='ltr'><strong>unde</strong></span> 
     </span>
     <span class='ocr_line' id='line_1_8' title="bbox 282 1205 1438 1292; baseline -0.002 -20"><span class='ocrx_word' id='word_1_68' title='bbox 282 1208 466 1274; x_wconf 77' lang='lat' dir='ltr'><strong>vicecomes</strong></span> <span class='ocrx_word' id='word_1_69' title='bbox 492 1206 706 1292; x_wconf 78' lang='lat' dir='ltr'><strong>respondeat.</strong></span> <span class='ocrx_word' id='word_1_70' title='bbox 739 1205 864 1272; x_wconf 77' lang='lat' dir='ltr'><strong>Postea</strong></span> <span class='ocrx_word' id='word_1_71' title='bbox 887 1205 982 1272; x_wconf 87' lang='lat' dir='ltr'><strong>venit</strong></span> <span class='ocrx_word' id='word_1_72' title='bbox 1004 1205 1173 1290; x_wconf 75' lang='lat' dir='ltr'><strong>Magister</strong></span> <span class='ocrx_word' id='word_1_73' title='bbox 1198 1205 1366 1272; x_wconf 87' lang='lat' dir='ltr'><strong>Ricardus</strong></span> <span class='ocrx_word' id='word_1_74' title='bbox 1394 1207 1438 1271; x_wconf 89' lang='lat' dir='ltr'><strong>de</strong></span> 
     </span>
     <span class='ocr_line' id='line_1_9' title="bbox 284 1292 1436 1380; baseline -0.002 -21"><span class='ocrx_word' id='word_1_75' title='bbox 284 1294 458 1380; x_wconf 85' lang='lat' dir='ltr'><strong>Morpath,</strong></span> <span class='ocrx_word' id='word_1_76' title='bbox 467 1293 611 1360; x_wconf 85' lang='lat' dir='ltr'><strong>ballivus</strong></span> <span class='ocrx_word' id='word_1_77' title='bbox 620 1293 764 1360; x_wconf 86' lang='lat' dir='ltr'><strong>Barouis</strong></span> <span class='ocrx_word' id='word_1_78' title='bbox 777 1293 817 1360; x_wconf 91' lang='lat' dir='ltr'><strong>de</strong></span> <span class='ocrx_word' id='word_1_79' title='bbox 830 1292 1015 1374; x_wconf 77' lang='lat' dir='ltr'><strong>Oreistoclr,</strong></span> <span class='ocrx_word' id='word_1_80' title='bbox 1029 1293 1185 1379; x_wconf 85' lang='lat' dir='ltr'><strong>capitalis</strong></span> <span class='ocrx_word' id='word_1_81' title='bbox 1195 1293 1323 1359; x_wconf 92' lang='lat' dir='ltr'><strong>domini</strong></span> <span class='ocrx_word' id='word_1_82' title='bbox 1332 1293 1436 1375; x_wconf 85' lang='lat' dir='ltr'><strong>feodi,</strong></span> 
     </span>
     <span class='ocr_line' id='line_1_10' title="bbox 284 1379 1437 1482; baseline -0.002 -34"><span class='ocrx_word' id='word_1_83' title='bbox 284 1387 320 1448; x_wconf 88' lang='lat' dir='ltr'><strong>et</strong></span> <span class='ocrx_word' id='word_1_84' title='bbox 331 1383 433 1448; x_wconf 89' lang='lat' dir='ltr'><strong>finem</strong></span> <span class='ocrx_word' id='word_1_85' title='bbox 449 1381 534 1448; x_wconf 87' lang='lat' dir='ltr'><strong>fecit</strong></span> <span class='ocrx_word' id='word_1_86' title='bbox 548 1403 610 1468; x_wconf 89' lang='lat' dir='ltr'><strong>pro</strong></span> <span class='ocrx_word' id='word_1_87' title='bbox 621 1401 713 1446; x_wconf 91' lang='lat' dir='ltr'><strong>anno</strong></span> <span class='ocrx_word' id='word_1_88' title='bbox 729 1387 764 1447; x_wconf 86' lang='lat' dir='ltr'><strong>et</strong></span> <span class='ocrx_word' id='word_1_89' title='bbox 781 1385 878 1446; x_wconf 88' lang='lat' dir='ltr'><strong>vasto</strong></span> <span class='ocrx_word' id='word_1_90' title='bbox 891 1381 1063 1482; x_wconf 81' lang='lat' dir='ltr'><strong>praediotae</strong></span> <span class='ocrx_word' id='word_1_91' title='bbox 1074 1385 1172 1448; x_wconf 76' lang='lat' dir='ltr'><strong>terra</strong></span> <span class='ocrx_word' id='word_1_92' title='bbox 1186 1401 1248 1467; x_wconf 90' lang='lat' dir='ltr'><strong>per</strong></span> <span class='ocrx_word' id='word_1_93' title='bbox 1262 1379 1437 1446; x_wconf 86' lang='lat' dir='ltr'><strong>dimidiam</strong></span> 
     </span>
     <span class='ocr_line' id='line_1_11' title="bbox 282 1468 1063 1556; baseline 0 -22"><span class='ocrx_word' id='word_1_94' title='bbox 282 1471 337 1550; x_wconf 83' lang='lat' dir='ltr'><strong>m’,</strong></span> <span class='ocrx_word' id='word_1_95' title='bbox 349 1490 409 1554; x_wconf 89' lang='lat' dir='ltr'><strong>per</strong></span> <span class='ocrx_word' id='word_1_96' title='bbox 423 1469 575 1556; x_wconf 85' lang='lat' dir='ltr'><strong>plegium</strong></span> <span class='ocrx_word' id='word_1_97' title='bbox 590 1469 760 1534; x_wconf 87' lang='lat' dir='ltr'><strong>Johannis</strong></span> <span class='ocrx_word' id='word_1_98' title='bbox 776 1469 818 1535; x_wconf 92' lang='lat' dir='ltr'><strong>de</strong></span> <span class='ocrx_word' id='word_1_99' title='bbox 834 1468 1063 1534; x_wconf 86' lang='lat' dir='ltr'><strong>vameburne.</strong></span> 
     </span>
    </p>
   </div>
   <div class='ocr_carea' id='block_1_3' title="bbox 281 1623 1437 2061">
    <p class='ocr_par' dir='ltr' id='par_1_3' title="bbox 281 1623 1437 2061">
     <span class='ocr_line' id='line_1_12' title="bbox 347 1623 1435 1710; baseline -0.001 -20"><span class='ocrx_word' id='word_1_100' title='bbox 347 1625 517 1690; x_wconf 89' lang='lat' dir='ltr'><strong>Henricus</strong></span> <span class='ocrx_word' id='word_1_101' title='bbox 532 1624 564 1690; x_wconf 92' lang='lat' dir='ltr'><strong>le</strong></span> <span class='ocrx_word' id='word_1_102' title='bbox 579 1625 736 1690; x_wconf 81' lang='lat' dir='ltr'><strong>Forester</strong></span> <span class='ocrx_word' id='word_1_103' title='bbox 760 1629 795 1689; x_wconf 89' lang='lat' dir='ltr'><strong>et</strong></span> <span class='ocrx_word' id='word_1_104' title='bbox 814 1625 1009 1710; x_wconf 88' lang='lat' dir='ltr'><strong>Stephanus</strong></span> <span class='ocrx_word' id='word_1_105' title='bbox 1020 1623 1073 1690; x_wconf 87' lang='lat' dir='ltr'><strong>-de</strong></span> <span class='ocrx_word' id='word_1_106' title='bbox 1089 1623 1290 1690; x_wconf 86' lang='lat' dir='ltr'><strong>Koneselive</strong></span> <span class='ocrx_word' id='word_1_107' title='bbox 1306 1624 1435 1690; x_wconf 86' lang='lat' dir='ltr'><strong>occide-</strong></span> 
     </span>
     <span class='ocr_line' id='line_1_13' title="bbox 281 1711 1437 1779; baseline -0.003 -1"><span class='ocrx_word' id='word_1_108' title='bbox 281 1717 364 1778; x_wconf 87' lang='lat' dir='ltr'><strong>runt</strong></span> <span class='ocrx_word' id='word_1_109' title='bbox 399 1712 594 1778; x_wconf 89' lang='lat' dir='ltr'><strong>Johannem</strong></span> <span class='ocrx_word' id='word_1_110' title='bbox 623 1713 731 1776; x_wconf 91' lang='lat' dir='ltr'><strong>filium</strong></span> <span class='ocrx_word' id='word_1_111' title='bbox 767 1713 892 1777; x_wconf 82' lang='lat' dir='ltr'><strong>Aeson&#39;</strong></span> <span class='ocrx_word' id='word_1_112' title='bbox 923 1712 960 1776; x_wconf 93' lang='lat' dir='ltr'><strong>in</strong></span> <span class='ocrx_word' id='word_1_113' title='bbox 992 1711 1073 1776; x_wconf 86' lang='lat' dir='ltr'><strong>villa</strong></span> <span class='ocrx_word' id='word_1_114' title='bbox 1109 1712 1150 1776; x_wconf 90' lang='lat' dir='ltr'><strong>de</strong></span> <span class='ocrx_word' id='word_1_115' title='bbox 1189 1711 1347 1779; x_wconf 83' lang='lat' dir='ltr'><strong>Stanton.</strong></span> <span class='ocrx_word' id='word_1_116' title='bbox 1390 1711 1437 1776; x_wconf 97' lang='grc'><strong>111</strong></span> 
     </span>
     <span class='ocr_line' id='line_1_14' title="bbox 283 1797 1435 1886; baseline -0.002 -20"><span class='ocrx_word' id='word_1_117' title='bbox 283 1799 477 1886; x_wconf 89' lang='lat' dir='ltr'><strong>Stephanus</strong></span> <span class='ocrx_word' id='word_1_118' title='bbox 490 1801 609 1864; x_wconf 90' lang='lat' dir='ltr'><strong>statim</strong></span> <span class='ocrx_word' id='word_1_119' title='bbox 624 1803 744 1884; x_wconf 91' lang='lat' dir='ltr'><strong>captus</strong></span> <span class='ocrx_word' id='word_1_120' title='bbox 755 1799 825 1864; x_wconf 86' lang='grc'>1111</span> <span class='ocrx_word' id='word_1_121' title='bbox 840 1802 875 1864; x_wconf 89' lang='grc'><strong>61</strong></span> <span class='ocrx_word' id='word_1_122' title='bbox 891 1799 1013 1864; x_wconf 88' lang='lat' dir='ltr'><strong>duetus</strong></span> <span class='ocrx_word' id='word_1_123' title='bbox 1025 1798 1115 1884; x_wconf 90' lang='lat' dir='ltr'><strong>apud</strong></span> <span class='ocrx_word' id='word_1_124' title='bbox 1126 1798 1261 1863; x_wconf 89' lang='lat' dir='ltr'><strong>Novum</strong></span> <span class='ocrx_word' id='word_1_125' title='bbox 1276 1797 1435 1864; x_wconf 81' lang='lat' dir='ltr'><strong>Castrum</strong></span> 
     </span>
     <span class='ocr_line' id='line_1_15' title="bbox 282 1885 1436 1973; baseline -0.002 -19"><span class='ocrx_word' id='word_1_126' title='bbox 282 1893 318 1954; x_wconf 90' lang='lat' dir='ltr'><strong>et</strong></span> <span class='ocrx_word' id='word_1_127' title='bbox 347 1887 472 1953; x_wconf 88' lang='lat' dir='ltr'><strong>ibidem</strong></span> <span class='ocrx_word' id='word_1_128' title='bbox 502 1886 744 1972; x_wconf 84' lang='lat' dir='ltr'><strong>inprisonatus,</strong></span> <span class='ocrx_word' id='word_1_129' title='bbox 782 1892 817 1952; x_wconf 91' lang='grc'><strong>61</strong></span> <span class='ocrx_word' id='word_1_130' title='bbox 853 1891 974 1973; x_wconf 84' lang='lat' dir='ltr'><strong>postea</strong></span> <span class='ocrx_word' id='word_1_131' title='bbox 1011 1907 1123 1952; x_wconf 87' lang='lat' dir='ltr'><strong>coram</strong></span> <span class='ocrx_word' id='word_1_132' title='bbox 1153 1885 1363 1952; x_wconf 87' lang='lat' dir='ltr'><strong>Justieiariis</strong></span> <span class='ocrx_word' id='word_1_133' title='bbox 1392 1887 1436 1952; x_wconf 87' lang='lat' dir='ltr'><strong>ad</strong></span> 
     </span>
     <span class='ocr_line' id='line_1_16' title="bbox 282 1973 1435 2061; baseline -0.002 -21"><span class='ocrx_word' id='word_1_134' title='bbox 282 1975 428 2061; x_wconf 86' lang='lat' dir='ltr'><strong>gaiolam</strong></span> <span class='ocrx_word' id='word_1_135' title='bbox 445 1973 700 2040; x_wconf 88' lang='lat' dir='ltr'><strong>deliberandum</strong></span> <span class='ocrx_word' id='word_1_136' title='bbox 716 1975 935 2059; x_wconf 83' lang='lat' dir='ltr'><strong>assingnatis,</strong></span> <span class='ocrx_word' id='word_1_137' title='bbox 953 1995 1135 2059; x_wconf 87' lang='lat' dir='ltr'><strong>suspensus</strong></span> <span class='ocrx_word' id='word_1_138' title='bbox 1147 1973 1227 2039; x_wconf 89' lang='grc'>1111.</span> <span class='ocrx_word' id='word_1_139' title='bbox 1250 1975 1296 2038; x_wconf 85' lang='lat' dir='ltr'><strong>Et</strong></span> <span class='ocrx_word' id='word_1_140' title='bbox 1309 1974 1435 2038; x_wconf 88' lang='lat' dir='ltr'><strong>Henri-</strong></span> 
     </span>
    </p>
   </div>
   <div class='ocr_carea' id='block_1_4' title="bbox 283 2061 1540 2148">
    <p class='ocr_par' dir='ltr' id='par_1_4' title="bbox 283 2061 1540 2148">
     <span class='ocr_line' id='line_1_17' title="bbox 283 2061 1540 2148; baseline -0.002 -20"><span class='ocrx_word' id='word_1_141' title='bbox 283 2084 342 2128; x_wconf 91' lang='lat' dir='ltr'><strong>cus</strong></span> <span class='ocrx_word' id='word_1_142' title='bbox 356 2062 451 2146; x_wconf 85' lang='lat' dir='ltr'><strong>sugit</strong></span> <span class='ocrx_word' id='word_1_143' title='bbox 466 2067 502 2126; x_wconf 91' lang='grc'><strong>61</strong></span> <span class='ocrx_word' id='word_1_144' title='bbox 516 2061 765 2141; x_wconf 86' lang='lat' dir='ltr'><strong>malecreditur‚</strong></span> <span class='ocrx_word' id='word_1_145' title='bbox 781 2063 857 2129; x_wconf 89' lang='lat' dir='ltr'><strong>ideo</strong></span> <span class='ocrx_word' id='word_1_146' title='bbox 873 2062 1033 2148; x_wconf 85' lang='lat' dir='ltr'><strong>exigatur</strong></span> <span class='ocrx_word' id='word_1_147' title='bbox 1046 2066 1082 2128; x_wconf 91' lang='grc'><strong>61</strong></span> <span class='ocrx_word' id='word_1_148' title='bbox 1093 2061 1277 2146; x_wconf 90' lang='lat' dir='ltr'><strong>utlagetur.</strong></span> <span class='ocrx_word' id='word_1_149' title='bbox 1302 2061 1435 2126; x_wconf 80' lang='lat' dir='ltr'><strong>Catulla</strong></span> <span class='ocrx_word' id='word_1_150' title='bbox 1537 2133 1540 2138; x_wconf 60' lang='grc'>,</span> 
     </span>
    </p>
   </div>
   <div class='ocr_carea' id='block_1_5' title="bbox 281 2147 1436 2390">
    <p class='ocr_par' dir='ltr' id='par_1_5' title="bbox 281 2147 1436 2390">
     <span class='ocr_line' id='line_1_18' title="bbox 282 2147 1434 2236; baseline -0.003 -22"><span class='ocrx_word' id='word_1_151' title='bbox 282 2149 436 2236; x_wconf 84' lang='lat' dir='ltr'><strong>praedicti</strong></span> <span class='ocrx_word' id='word_1_152' title='bbox 454 2149 620 2234; x_wconf 86' lang='lat' dir='ltr'><strong>Stephani</strong></span> <span class='ocrx_word' id='word_1_153' title='bbox 635 2149 671 2234; x_wconf 83' lang='lat' dir='ltr'><strong>xj</strong></span> <span class='ocrx_word' id='word_1_154' title='bbox 685 2150 711 2212; x_wconf 82' lang='lat' dir='ltr'><strong>a&#39;</strong></span> <span class='ocrx_word' id='word_1_155' title='bbox 727 2149 778 2234; x_wconf 85' lang='lat' dir='ltr'><strong>iiij</strong></span> <span class='ocrx_word' id='word_1_156' title='bbox 793 2150 837 2214; x_wconf 88' lang='lat' dir='ltr'><strong>d’.</strong></span> <span class='ocrx_word' id='word_1_157' title='bbox 876 2149 1010 2215; x_wconf 84' lang='lat' dir='ltr'><strong>Catulla</strong></span> <span class='ocrx_word' id='word_1_158' title='bbox 1031 2148 1184 2235; x_wconf 85' lang='lat' dir='ltr'><strong>praedicti</strong></span> <span class='ocrx_word' id='word_1_159' title='bbox 1207 2147 1349 2214; x_wconf 88' lang='lat' dir='ltr'><strong>Henriei</strong></span> <span class='ocrx_word' id='word_1_160' title='bbox 1364 2149 1434 2213; x_wconf 80' lang='lat' dir='ltr'><strong>ixs&#39;</strong></span> 
     </span>
     <span class='ocr_line' id='line_1_19' title="bbox 282 2235 1436 2323; baseline 0 -23"><span class='ocrx_word' id='word_1_161' title='bbox 282 2238 335 2323; x_wconf 82' lang='lat' dir='ltr'><strong>iiij</strong></span> <span class='ocrx_word' id='word_1_162' title='bbox 348 2238 392 2316; x_wconf 86' lang='lat' dir='ltr'><strong>d’,</strong></span> <span class='ocrx_word' id='word_1_163' title='bbox 409 2237 499 2300; x_wconf 90' lang='lat' dir='ltr'><strong>unde</strong></span> <span class='ocrx_word' id='word_1_164' title='bbox 509 2235 598 2302; x_wconf 90' lang='lat' dir='ltr'><strong>idem</strong></span> <span class='ocrx_word' id='word_1_165' title='bbox 611 2236 794 2302; x_wconf 76' lang='lat' dir='ltr'><strong>vicecomes</strong></span> <span class='ocrx_word' id='word_1_166' title='bbox 804 2237 1018 2322; x_wconf 83' lang='lat' dir='ltr'><strong>respondeat.</strong></span> <span class='ocrx_word' id='word_1_167' title='bbox 1042 2237 1088 2300; x_wconf 87' lang='grc'><strong>111</strong></span> <span class='ocrx_word' id='word_1_168' title='bbox 1099 2235 1233 2321; x_wconf 89' lang='lat' dir='ltr'><strong>plenius</strong></span> <span class='ocrx_word' id='word_1_169' title='bbox 1245 2235 1436 2321; x_wconf 86' lang='lat' dir='ltr'><strong>inquiratur</strong></span> 
     </span>
     <span class='ocr_line' id='line_1_20' title="bbox 281 2323 1098 2390; baseline -0.004 0"><span class='ocrx_word' id='word_1_170' title='bbox 281 2326 318 2390; x_wconf 93' lang='lat' dir='ltr'><strong>in</strong></span> <span class='ocrx_word' id='word_1_171' title='bbox 333 2324 458 2390; x_wconf 91' lang='lat' dir='ltr'><strong>balliva</strong></span> <span class='ocrx_word' id='word_1_172' title='bbox 472 2324 560 2389; x_wconf 87' lang='lat' dir='ltr'><strong>citra</strong></span> <span class='ocrx_word' id='word_1_173' title='bbox 574 2324 691 2388; x_wconf 85' lang='lat' dir='ltr'><strong>Kohet</strong></span> <span class='ocrx_word' id='word_1_174' title='bbox 707 2323 748 2388; x_wconf 90' lang='lat' dir='ltr'><strong>de</strong></span> <span class='ocrx_word' id='word_1_175' title='bbox 763 2324 894 2390; x_wconf 84' lang='lat' dir='ltr'><strong>catallis</strong></span> <span class='ocrx_word' id='word_1_176' title='bbox 910 2344 1036 2389; x_wconf 89' lang='lat' dir='ltr'><strong>eorum.</strong></span> <span class='ocrx_word' id='word_1_177' title='bbox 1095 2345 1098 2353; x_wconf 90' lang='lat'>·</span> 
     </span>
    </p>
   </div>
   <div class='ocr_carea' id='block_1_6' title="bbox 282 2471 1437 2994">
    <p class='ocr_par' dir='ltr' id='par_1_6' title="bbox 282 2471 1437 2994">
     <span class='ocr_line' id='line_1_21' title="bbox 348 2471 1436 2560; baseline 0.003 -22"><span class='ocrx_word' id='word_1_178' title='bbox 348 2473 493 2555; x_wconf 79' lang='lat' dir='ltr'><strong>Quidam</strong></span> <span class='ocrx_word' id='word_1_179' title='bbox 520 2471 685 2560; x_wconf 84' lang='lat' dir='ltr'><strong>ingnotus</strong></span> <span class='ocrx_word' id='word_1_180' title='bbox 715 2473 910 2560; x_wconf 84' lang='lat' dir='ltr'><strong>hospitatus</strong></span> <span class='ocrx_word' id='word_1_181' title='bbox 940 2473 1011 2538; x_wconf 82' lang='lat' dir='ltr'><strong>fuit</strong></span> <span class='ocrx_word' id='word_1_182' title='bbox 1036 2474 1127 2560; x_wconf 84' lang='lat' dir='ltr'><strong>apud</strong></span> <span class='ocrx_word' id='word_1_183' title='bbox 1156 2475 1329 2560; x_wconf 87' lang='lat' dir='ltr'><strong>Morpath’</strong></span> <span class='ocrx_word' id='word_1_184' title='bbox 1359 2497 1436 2543; x_wconf 88' lang='lat' dir='ltr'><strong>cum</strong></span> 
     </span>
     <span class='ocr_line' id='line_1_22' title="bbox 283 2560 1437 2647; baseline 0.001 -21"><span class='ocrx_word' id='word_1_185' title='bbox 283 2561 484 2647; x_wconf 90' lang='lat' dir='ltr'><strong>quibusdam</strong></span> <span class='ocrx_word' id='word_1_186' title='bbox 501 2560 1180 2640; x_wconf 75' lang='grc'>(1611111661111111611116,1116166116111616</span> <span class='ocrx_word' id='word_1_187' title='bbox 1193 2562 1317 2630; x_wconf 82' lang='lat' dir='ltr'><strong>Scotia.</strong></span> <span class='ocrx_word' id='word_1_188' title='bbox 1340 2563 1437 2630; x_wconf 88' lang='lat' dir='ltr'><strong>Idem</strong></span> 
     </span>
     <span class='ocr_line' id='line_1_23' title="bbox 284 2648 1436 2766; baseline 0.002 -52"><span class='ocrx_word' id='word_1_189' title='bbox 284 2649 449 2750; x_wconf 82' lang='lat' dir='ltr'><strong>ingnotus</strong></span> <span class='ocrx_word' id='word_1_190' title='bbox 465 2648 612 2750; x_wconf 59' lang='lat' dir='ltr'><strong>surrepit</strong></span> <span class='ocrx_word' id='word_1_191' title='bbox 627 2651 808 2750; x_wconf 78' lang='lat' dir='ltr'><strong>noctanter</strong></span> <span class='ocrx_word' id='word_1_192' title='bbox 829 2653 865 2714; x_wconf 89' lang='lat' dir='ltr'><strong>et</strong></span> <span class='ocrx_word' id='word_1_193' title='bbox 879 2649 1016 2752; x_wconf 79' lang='lat' dir='ltr'><strong>furatus</strong></span> <span class='ocrx_word' id='word_1_194' title='bbox 1031 2649 1102 2766; x_wconf 68' lang='lat' dir='ltr'><strong>fuit</strong></span> <span class='ocrx_word' id='word_1_195' title='bbox 1117 2649 1272 2715; x_wconf 89' lang='lat' dir='ltr'><strong>debonis</strong></span> <span class='ocrx_word' id='word_1_196' title='bbox 1287 2651 1436 2752; x_wconf 76' lang='lat' dir='ltr'><strong>ipsorum</strong></span> 
     </span>
     <span class='ocr_line' id='line_1_24' title="bbox 282 2735 1436 2909; baseline 0 -19"><span class='ocrx_word' id='word_1_197' title='bbox 282 2735 431 2903; x_wconf 52' lang='lat' dir='ltr'><strong>hbui}</strong></span> <span class='ocrx_word' id='word_1_198' title='bbox 440 2735 1334 2909; x_wconf 43' lang='grc' dir='ltr'>111111111111161111111111111111Ἕέ</span> <span class='ocrx_word' id='word_1_199' title='bbox 1358 2742 1436 2892; x_wconf 64' lang='lat' dir='ltr'><strong>tlt</strong></span> 
     </span>
     <span class='ocr_line' id='line_1_25' title="bbox 283 2909 1435 2994; baseline 0.002 -18"><span class='ocrx_word' id='word_1_200' title='bbox 283 2915 462 2976; x_wconf 87' lang='lat' dir='ltr'><strong>traxerunt</strong></span> <span class='ocrx_word' id='word_1_201' title='bbox 486 2915 522 2978; x_wconf 90' lang='lat' dir='ltr'><strong>et</strong></span> <span class='ocrx_word' id='word_1_202' title='bbox 545 2931 615 2974; x_wconf 91' lang='lat' dir='ltr'><strong>non</strong></span> <span class='ocrx_word' id='word_1_203' title='bbox 635 2909 918 2993; x_wconf 81' lang='lat' dir='ltr'><strong>malcoreduntur,</strong></span> <span class='ocrx_word' id='word_1_204' title='bbox 943 2910 1020 2977; x_wconf 90' lang='lat' dir='ltr'><strong>ideo</strong></span> <span class='ocrx_word' id='word_1_205' title='bbox 1042 2912 1193 2993; x_wconf 88' lang='lat' dir='ltr'><strong>redeant,</strong></span> <span class='ocrx_word' id='word_1_206' title='bbox 1213 2912 1242 2977; x_wconf 87' lang='lat' dir='ltr'><strong>si</strong></span> <span class='ocrx_word' id='word_1_207' title='bbox 1258 2912 1435 2994; x_wconf 87' lang='lat' dir='ltr'><strong>voluerint,</strong></span> 
     </span>
    </p>
   </div>
   <div class='ocr_carea' id='block_1_7' title="bbox 281 2997 1436 3150">
    <p class='ocr_par' dir='ltr' id='par_1_7' title="bbox 281 2997 1436 3150">
     <span class='ocr_line' id='line_1_26' title="bbox 283 2997 1436 3150; baseline 0.002 -86"><span class='ocrx_word' id='word_1_208' title='bbox 283 2997 489 3150; x_wconf 56' lang='lat' dir='ltr'><strong>appllpatalla</strong></span> <span class='ocrx_word' id='word_1_209' title='bbox 525 3018 642 3064; x_wconf 89' lang='lat' dir='ltr'><strong>eorum</strong></span> <span class='ocrx_word' id='word_1_210' title='bbox 671 2999 899 3065; x_wconf 86' lang='lat' dir='ltr'><strong>confiscantur</strong></span> <span class='ocrx_word' id='word_1_211' title='bbox 927 3018 989 3086; x_wconf 90' lang='lat' dir='ltr'><strong>pro</strong></span> <span class='ocrx_word' id='word_1_212' title='bbox 1017 2998 1112 3086; x_wconf 88' lang='lat' dir='ltr'><strong>fuga.</strong></span> <span class='ocrx_word' id='word_1_213' title='bbox 1159 2999 1293 3066; x_wconf 79' lang='lat' dir='ltr'><strong>Catulla</strong></span> <span class='ocrx_word' id='word_1_214' title='bbox 1321 3021 1436 3068; x_wconf 87' lang='lat' dir='ltr'><strong>eorum</strong></span> 
     </span>
     <span class='ocr_line' id='line_1_27' title="bbox 281 3107 386 3150; baseline 0.01 -1"><span class='ocrx_word' id='word_1_215' title='bbox 281 3107 305 3149; x_wconf 93' lang='lat' dir='ltr'><strong>n</strong></span> <span class='ocrx_word' id='word_1_216' title='bbox 379 3135 386 3150; x_wconf 92' lang='lat'><strong><em>.</em></strong></span> 
     </span>
    </p>
   </div>
   <div class='ocr_carea' id='block_1_8' title="bbox 281 3223 1435 3464">
    <p class='ocr_par' dir='ltr' id='par_1_8' title="bbox 281 3223 1435 3464">
     <span class='ocr_line' id='line_1_28' title="bbox 347 3223 1435 3313; baseline 0.004 -25"><span class='ocrx_word' id='word_1_217' title='bbox 347 3224 399 3291; x_wconf 93' lang='lat' dir='ltr'><strong>De</strong></span> <span class='ocrx_word' id='word_1_218' title='bbox 415 3224 503 3289; x_wconf 90' lang='lat' dir='ltr'><strong>vinis</strong></span> <span class='ocrx_word' id='word_1_219' title='bbox 519 3223 676 3306; x_wconf 87' lang='lat' dir='ltr'><strong>venditis,</strong></span> <span class='ocrx_word' id='word_1_220' title='bbox 693 3227 769 3304; x_wconf 84' lang='grc'>616.,</span> <span class='ocrx_word' id='word_1_221' title='bbox 786 3224 907 3291; x_wconf 89' lang='lat' dir='ltr'><strong>dicunt</strong></span> <span class='ocrx_word' id='word_1_222' title='bbox 928 3227 1019 3310; x_wconf 90' lang='lat' dir='ltr'><strong>quod</strong></span> <span class='ocrx_word' id='word_1_223' title='bbox 1034 3225 1181 3294; x_wconf 80' lang='lat' dir='ltr'><strong>Thomas</strong></span> <span class='ocrx_word' id='word_1_224' title='bbox 1197 3226 1238 3292; x_wconf 91' lang='lat' dir='ltr'><strong>de</strong></span> <span class='ocrx_word' id='word_1_225' title='bbox 1255 3225 1435 3313; x_wconf 78' lang='lat' dir='ltr'><strong>Sampford</strong></span> 
     </span>
     <span class='ocr_line' id='line_1_29' title="bbox 281 3309 1434 3464; baseline 0.003 -89"><span class='ocrx_word' id='word_1_226' title='bbox 281 3313 319 3463; x_wconf 55' lang='lat' dir='ltr'><strong>{i</strong></span> <span class='ocrx_word' id='word_1_227' title='bbox 332 3311 463 3464; x_wconf 36' lang='grc' dir='ltr'><strong>ἔξω</strong></span> <span class='ocrx_word' id='word_1_228' title='bbox 482 3309 645 3393; x_wconf 83' lang='lat' dir='ltr'><strong>Clericus,</strong></span> <span class='ocrx_word' id='word_1_229' title='bbox 668 3311 894 3379; x_wconf 82' lang='lat' dir='ltr'><strong>vendiderunt</strong></span> <span class='ocrx_word' id='word_1_230' title='bbox 909 3312 1025 3379; x_wconf 89' lang='lat' dir='ltr'><strong>vinum</strong></span> <span class='ocrx_word' id='word_1_231' title='bbox 1048 3319 1169 3380; x_wconf 85' lang='lat' dir='ltr'><strong>contra</strong></span> <span class='ocrx_word' id='word_1_232' title='bbox 1191 3314 1343 3397; x_wconf 85' lang='lat' dir='ltr'><strong>assisam,</strong></span> <span class='ocrx_word' id='word_1_233' title='bbox 1358 3314 1434 3380; x_wconf 88' lang='lat' dir='ltr'><strong>ideo</strong></span> 
     </span>
    </p>
   </div>
   <div class='ocr_carea' id='block_1_9' title="bbox 279 3543 1435 3806">
    <p class='ocr_par' dir='ltr' id='par_1_9' title="bbox 279 3543 1435 3806">
     <span class='ocr_line' id='line_1_30' title="bbox 344 3543 1435 3634; baseline 0.005 -26"><span class='ocrx_word' id='word_1_234' title='bbox 344 3543 469 3609; x_wconf 89' lang='lat' dir='ltr'><strong>Postea</strong></span> <span class='ocrx_word' id='word_1_235' title='bbox 483 3549 651 3609; x_wconf 88' lang='lat' dir='ltr'><strong>venerunt</strong></span> <span class='ocrx_word' id='word_1_236' title='bbox 665 3544 842 3611; x_wconf 88' lang='lat' dir='ltr'><strong>duodecim</strong></span> <span class='ocrx_word' id='word_1_237' title='bbox 854 3549 890 3611; x_wconf 92' lang='lat' dir='ltr'><strong>et</strong></span> <span class='ocrx_word' id='word_1_238' title='bbox 900 3547 1003 3612; x_wconf 89' lang='lat' dir='ltr'><strong>finem</strong></span> <span class='ocrx_word' id='word_1_239' title='bbox 1013 3547 1170 3614; x_wconf 86' lang='lat' dir='ltr'><strong>fecerunt</strong></span> <span class='ocrx_word' id='word_1_240' title='bbox 1181 3569 1242 3634; x_wconf 90' lang='lat' dir='ltr'><strong>pro</strong></span> <span class='ocrx_word' id='word_1_241' title='bbox 1258 3571 1293 3616; x_wconf 88' lang='lat' dir='ltr'><strong>se</strong></span> <span class='ocrx_word' id='word_1_242' title='bbox 1308 3551 1344 3614; x_wconf 85' lang='lat' dir='ltr'><strong>et</strong></span> <span class='ocrx_word' id='word_1_243' title='bbox 1357 3551 1435 3614; x_wconf 86' lang='lat' dir='ltr'><strong>tota</strong></span> 
     </span>
     <span class='ocr_line' id='line_1_31' title="bbox 279 3631 1433 3720; baseline 0.005 -24"><span class='ocrx_word' id='word_1_244' title='bbox 279 3631 399 3696; x_wconf 88' lang='lat' dir='ltr'><strong>villata</strong></span> <span class='ocrx_word' id='word_1_245' title='bbox 414 3631 579 3717; x_wconf 85' lang='lat' dir='ltr'><strong>drapariis</strong></span> <span class='ocrx_word' id='word_1_246' title='bbox 592 3635 627 3697; x_wconf 89' lang='lat' dir='ltr'><strong>et</strong></span> <span class='ocrx_word' id='word_1_247' title='bbox 642 3633 816 3699; x_wconf 85' lang='lat' dir='ltr'><strong>vinetariis</strong></span> <span class='ocrx_word' id='word_1_248' title='bbox 828 3654 889 3720; x_wconf 88' lang='lat' dir='ltr'><strong>pro</strong></span> <span class='ocrx_word' id='word_1_249' title='bbox 904 3635 1165 3702; x_wconf 86' lang='lat' dir='ltr'><strong>coucelamentis</strong></span> <span class='ocrx_word' id='word_1_250' title='bbox 1181 3641 1216 3704; x_wconf 90' lang='lat' dir='ltr'><strong>et</strong></span> <span class='ocrx_word' id='word_1_251' title='bbox 1231 3636 1307 3702; x_wconf 88' lang='lat' dir='ltr'><strong>aliis</strong></span> <span class='ocrx_word' id='word_1_252' title='bbox 1321 3639 1433 3702; x_wconf 89' lang='lat' dir='ltr'><strong>traus-</strong></span> 
     </span>
     <span class='ocr_line' id='line_1_32' title="bbox 281 3718 610 3806; baseline 0.006 -22"><span class='ocrx_word' id='word_1_253' title='bbox 281 3718 511 3806; x_wconf 85' lang='lat' dir='ltr'><strong>gressionibus</strong></span> <span class='ocrx_word' id='word_1_254' title='bbox 526 3721 610 3785; x_wconf 82' lang='lat' dir='ltr'><strong>vm’..</strong></span> 
     </span>
    </p>
   </div>
   <div class='ocr_carea' id='block_1_10' title="bbox 474 3898 1228 3970">
    <p class='ocr_par' dir='ltr' id='par_1_10' title="bbox 474 3898 1228 3970">
     <span class='ocr_line' id='line_1_33' title="bbox 474 3898 1228 3970; baseline 0.007 -6"><span class='ocrx_word' id='word_1_255' title='bbox 474 3898 630 3964; x_wconf 78' lang='lat' dir='ltr'><strong>Vmusrs</strong></span> <span class='ocrx_word' id='word_1_256' title='bbox 653 3919 699 3964; x_wconf 82' lang='lat' dir='ltr'><strong>nu</strong></span> <span class='ocrx_word' id='word_1_257' title='bbox 721 3899 884 3966; x_wconf 78' lang='lat' dir='ltr'><strong>Mrcsoan</strong></span> <span class='ocrx_word' id='word_1_258' title='bbox 907 3923 1011 3968; x_wconf 77' lang='lat' dir='ltr'><strong>vnum·</strong></span> <span class='ocrx_word' id='word_1_259' title='bbox 1033 3923 1100 3968; x_wconf 83' lang='lat' dir='ltr'><strong>rus</strong></span> <span class='ocrx_word' id='word_1_260' title='bbox 1122 3905 1228 3970; x_wconf 56' lang='grc'>111111.</span> 
     </span>
    </p>
   </div>
   <div class='ocr_carea' id='block_1_11' title="bbox 279 4054 1434 4578">
    <p class='ocr_par' dir='ltr' id='par_1_11' title="bbox 279 4054 1434 4578">
     <span class='ocr_line' id='line_1_34' title="bbox 348 4054 1432 4144; baseline 0.006 -24"><span class='ocrx_word' id='word_1_261' title='bbox 348 4055 399 4122; x_wconf 90' lang='lat' dir='ltr'><strong>De</strong></span> <span class='ocrx_word' id='word_1_262' title='bbox 423 4054 573 4122; x_wconf 88' lang='lat' dir='ltr'><strong>ecclesiis</strong></span> <span class='ocrx_word' id='word_1_263' title='bbox 597 4078 680 4142; x_wconf 85' lang='lat' dir='ltr'><strong>quae,</strong></span> <span class='ocrx_word' id='word_1_264' title='bbox 704 4061 782 4138; x_wconf 91' lang='grc'>616.,</span> <span class='ocrx_word' id='word_1_265' title='bbox 806 4059 925 4125; x_wconf 89' lang='lat' dir='ltr'><strong>dicunt</strong></span> <span class='ocrx_word' id='word_1_266' title='bbox 946 4059 1036 4144; x_wconf 90' lang='lat' dir='ltr'><strong>quod</strong></span> <span class='ocrx_word' id='word_1_267' title='bbox 1063 4059 1204 4126; x_wconf 88' lang='lat' dir='ltr'><strong>ecclesia</strong></span> <span class='ocrx_word' id='word_1_268' title='bbox 1219 4061 1261 4128; x_wconf 90' lang='lat' dir='ltr'><strong>de</strong></span> <span class='ocrx_word' id='word_1_269' title='bbox 1276 4061 1432 4129; x_wconf 86' lang='lat' dir='ltr'><strong>Mitford’</strong></span> 
     </span>
     <span class='ocr_line' id='line_1_35' title="bbox 281 4142 1434 4231; baseline 0.004 -21"><span class='ocrx_word' id='word_1_270' title='bbox 281 4147 334 4210; x_wconf 90' lang='grc'><strong>661</strong></span> <span class='ocrx_word' id='word_1_271' title='bbox 350 4143 386 4208; x_wconf 91' lang='grc'><strong>11</strong></span> <span class='ocrx_word' id='word_1_272' title='bbox 402 4142 585 4210; x_wconf 88' lang='lat' dir='ltr'><strong>donatione</strong></span> <span class='ocrx_word' id='word_1_273' title='bbox 600 4145 729 4209; x_wconf 92' lang='lat' dir='ltr'><strong>domini</strong></span> <span class='ocrx_word' id='word_1_274' title='bbox 741 4146 847 4231; x_wconf 81' lang='lat' dir='ltr'><strong>Regis</strong></span> <span class='ocrx_word' id='word_1_275' title='bbox 862 4167 922 4231; x_wconf 90' lang='lat' dir='ltr'><strong>per</strong></span> <span class='ocrx_word' id='word_1_276' title='bbox 936 4147 1192 4214; x_wconf 80' lang='lat' dir='ltr'><strong>ieoffamentum</strong></span> <span class='ocrx_word' id='word_1_277' title='bbox 1209 4149 1376 4215; x_wconf 75' lang='lat' dir='ltr'><strong>iohannis</strong></span> <span class='ocrx_word' id='word_1_278' title='bbox 1392 4151 1434 4215; x_wconf 89' lang='lat' dir='ltr'><strong>de</strong></span> 
     </span>
     <span class='ocr_line' id='line_1_36' title="bbox 281 4231 1433 4322; baseline 0.005 -26"><span class='ocrx_word' id='word_1_279' title='bbox 281 4231 533 4316; x_wconf 86' lang='lat' dir='ltr'><strong>Luthergrenes</strong></span> <span class='ocrx_word' id='word_1_280' title='bbox 557 4234 593 4296; x_wconf 89' lang='grc'><strong>61</strong></span> <span class='ocrx_word' id='word_1_281' title='bbox 614 4232 704 4297; x_wconf 89' lang='lat' dir='ltr'><strong>valet</strong></span> <span class='ocrx_word' id='word_1_282' title='bbox 727 4254 788 4318; x_wconf 89' lang='lat' dir='ltr'><strong>per</strong></span> <span class='ocrx_word' id='word_1_283' title='bbox 811 4255 938 4297; x_wconf 91' lang='lat' dir='ltr'><strong>annum</strong></span> <span class='ocrx_word' id='word_1_284' title='bbox 962 4233 998 4298; x_wconf 86' lang='lat' dir='ltr'><strong>xl</strong></span> <span class='ocrx_word' id='word_1_285' title='bbox 1013 4235 1059 4315; x_wconf 59' lang='lat' dir='ltr'><strong>lc,</strong></span> <span class='ocrx_word' id='word_1_286' title='bbox 1076 4240 1198 4320; x_wconf 80' lang='lat' dir='ltr'><strong>praeter</strong></span> <span class='ocrx_word' id='word_1_287' title='bbox 1213 4236 1377 4322; x_wconf 84' lang='lat' dir='ltr'><strong>eapellam</strong></span> <span class='ocrx_word' id='word_1_288' title='bbox 1392 4237 1433 4303; x_wconf 91' lang='lat' dir='ltr'><strong>de</strong></span> 
     </span>
     <span class='ocr_line' id='line_1_37' title="bbox 281 4318 1434 4411; baseline 0.003 -27"><span class='ocrx_word' id='word_1_289' title='bbox 281 4318 460 4398; x_wconf 88' lang='lat' dir='ltr'><strong>Midelton,</strong></span> <span class='ocrx_word' id='word_1_290' title='bbox 470 4339 542 4404; x_wconf 82' lang='lat' dir='ltr'><strong>quoe</strong></span> <span class='ocrx_word' id='word_1_291' title='bbox 555 4318 645 4384; x_wconf 89' lang='lat' dir='ltr'><strong>valet</strong></span> <span class='ocrx_word' id='word_1_292' title='bbox 661 4320 715 4405; x_wconf 83' lang='lat' dir='ltr'><strong>xvj</strong></span> <span class='ocrx_word' id='word_1_293' title='bbox 731 4319 778 4401; x_wconf 78' lang='lat' dir='ltr'><strong>li&#39;,</strong></span> <span class='ocrx_word' id='word_1_294' title='bbox 794 4325 858 4386; x_wconf 90' lang='grc'>616.</span> <span class='ocrx_word' id='word_1_295' title='bbox 896 4321 979 4403; x_wconf 81' lang='lat' dir='ltr'><strong>Quae</strong></span> <span class='ocrx_word' id='word_1_296' title='bbox 995 4321 1128 4407; x_wconf 91' lang='lat' dir='ltr'><strong>quidem</strong></span> <span class='ocrx_word' id='word_1_297' title='bbox 1145 4323 1295 4388; x_wconf 86' lang='lat' dir='ltr'><strong>alienata</strong></span> <span class='ocrx_word' id='word_1_298' title='bbox 1306 4330 1359 4390; x_wconf 89' lang='lat' dir='ltr'><strong>est</strong></span> <span class='ocrx_word' id='word_1_299' title='bbox 1373 4345 1434 4411; x_wconf 91' lang='lat' dir='ltr'><strong>per</strong></span> 
     </span>
     <span class='ocr_line' id='line_1_38' title="bbox 279 4405 1433 4559; baseline 0.01 -89"><span class='ocrx_word' id='word_1_300' title='bbox 279 4407 449 4559; x_wconf 55' lang='lat' dir='ltr'><strong>puendaim</strong></span> <span class='ocrx_word' id='word_1_301' title='bbox 480 4405 676 4488; x_wconf 87' lang='lat' dir='ltr'><strong>Robertum,</strong></span> <span class='ocrx_word' id='word_1_302' title='bbox 707 4407 913 4496; x_wconf 80' lang='lat' dir='ltr'><strong>Episcopum</strong></span> <span class='ocrx_word' id='word_1_303' title='bbox 942 4409 1217 4494; x_wconf 87' lang='lat' dir='ltr'><strong>Dunelmensem,</strong></span> <span class='ocrx_word' id='word_1_304' title='bbox 1247 4410 1324 4477; x_wconf 88' lang='lat' dir='ltr'><strong>ideo</strong></span> <span class='ocrx_word' id='word_1_305' title='bbox 1354 4412 1433 4481; x_wconf 86' lang='lat' dir='ltr'><strong>inde</strong></span> 
     </span>
     <span class='ocr_line' id='line_1_39' title="bbox 292 4513 495 4578; baseline -0.005 -18"><span class='ocrx_word' id='word_1_306' title='bbox 292 4513 404 4578; x_wconf 90' lang='lat' dir='ltr'><strong>oquen</strong></span> <span class='ocrx_word' id='word_1_307' title='bbox 428 4514 495 4559; x_wconf 92' lang='lat' dir='ltr'><strong>um.</strong></span> 
     </span>
    </p>
   </div>
   <div class='ocr_carea' id='block_1_12' title="bbox 0 0 1636 5110">
    <p class='ocr_par' dir='ltr' id='par_1_12' title="bbox 0 0 1636 5110">
     <span class='ocr_line' id='line_1_40' title="bbox 0 0 1636 5110; baseline 0 0"><span class='ocrx_word' id='word_1_308' title='bbox 0 0 1636 5110; x_wconf 95' lang='lat' dir='ltr'><strong> </strong></span> 
     </span>
    </p>
   </div>
  </div>
 </body>
</html>
