3272 5092
342 544 455 590 sssmn
478 547 575 606 nonu,
599 543 937 606 nonrnumssnmnn,
962 525 1004 589 53
1026 545 1109 590 nnn.
1134 545 1188 590 111.
1279 523 1342 588 175

187 700 350 786 praedicto
365 703 562 789 tenemento
577 700 689 780 debet,
707 699 838 766 seisivit
852 699 927 785 ipsa
948 699 1146 786 predictum
1168 703 1342 764 tenemen-

189 795 266 853 tum
295 789 332 852 in
362 809 501 852 manum
528 809 635 868 suam,
660 789 749 853 sicut
780 787 812 852 ei
836 788 921 853 bene
945 787 1054 867 licuit,
1080 809 1118 852 eo
1141 787 1232 870 quod
1254 787 1344 849 idem

192 876 309 940 Simon
326 876 440 940 tenuit
454 875 654 960 praedictum
668 879 903 940 tenementum
918 875 955 937 in
970 874 1153 959 villenagio
1169 875 1213 938 ad
1224 873 1344 937 volun-

191 966 299 1027 tatem
315 963 421 1047 ipsius
437 962 603 1042 Isabellae,
619 963 710 1027 unde
726 962 811 1027 dicit
827 963 915 1046 quod
930 962 1021 1026 idem
1038 963 1155 1025 Simon
1172 982 1345 1044 nunquam

191 1050 262 1114 fuit
276 1050 312 1113 in
326 1050 453 1115 seisina
468 1051 509 1114 de
524 1049 686 1135 praedicto
708 1053 905 1115 tenemento
918 1056 957 1112 ut
972 1049 1013 1112 de
1029 1048 1136 1114 libero
1151 1052 1347 1112 tenemento

192 1157 254 1202 suo
276 1137 328 1201 ita
353 1137 442 1220 quod
467 1137 546 1202 inde
561 1140 676 1222 posset
700 1136 874 1201 disseisiri.
920 1136 966 1199 Et
988 1137 1169 1221 praedictus
1192 1135 1346 1220 Rogems

190 1224 293 1290 Baret
309 1223 498 1308 dicitquod
514 1223 649 1324 'nullam
666 1223 880 1288 disseisinam
895 1222 927 1288 ei
948 1222 1044 1300 fecit,
1061 1224 1140 1323 quia
1156 1222 1346 1305 dicitquod

191 1311 875 1482 ittltetiffittiitlnilt
890 1310 1348 1480 feblffllllsslt‘ltt

193 1485 223 1548 si
237 1485 353 1568 aliqua
368 1485 549 1550 ‹lisseisina
558 1486 628 1550 sive
644 1484 774 1569 injuria
789 1484 821 1548 ei
835 1484 931 1549 faeta
945 1485 1026 1564 fuit,
1039 1484 1104 1548 hoc
1113 1484 1181 1547 fuit
1191 1506 1251 1567 per
1265 1505 1347 1568 prae·

193 1573 321 1637 dictam
345 1571 529 1645 Isabellam
554 1579 590 1636 et
615 1593 685 1636 non
710 1593 771 1656 per
790 1572 913 1655 ipsum.
959 1572 1005 1635 Et
1031 1571 1073 1635 de
1097 1572 1162 1636 hoc
1186 1571 1284 1656 ponit
1311 1591 1347 1634 sc

196 1681 297 1744 super
310 1659 462 1724 assisam.
507 1658 684 1724 Juratores
709 1659 829 1724 dicunt
852 1679 952 1742 super
973 1663 1221 1723 sacramentum
1249 1679 1349 1722 suum

192 1747 282 1832 quod
297 1746 479 1831 praedictus
504 1745 622 1810 Simon
644 1746 733 1810 filius
751 1745 907 1810 Waldevi
929 1745 1044 1829 aliquo
1059 1749 1212 1830 tempore
1231 1745 1347 1809 tenuit

193 1833 391 1918 praediotum
420 1835 655 1898 tenementum
689 1833 726 1896 in
754 1833 975 1916 villenagium
1009 1834 1077 1915 (cie)
1110 1833 1152 1896 de
1185 1833 1348 1917 praedicta

193 1920 350 2001 Isabella,
376 1921 467 1985 unde
491 1921 611 1985 dicunt
638 1921 727 2004 quod
758 1920 848 1984 idem
874 1919 991 1984 Simon
1015 1941 1189 2003 nunqnam
1214 1919 1284 1982 fuit
1311 1921 1346 1982 in

194 2007 322 2073 seisina
344 2008 385 2074 de
407 2007 569 2092 praedicto
592 2010 798 2086 tenement0,
814 2011 855 2071 ut
870 2007 911 2073 de
934 2006 1039 2071 libero
1061 2007 1258 2072 tenemento
1274 2027 1345 2086 suc,

194 2094 245 2158 ita
267 2095 358 2178 quod
381 2094 461 2159 inde
488 2097 604 2180 posset
630 2094 805 2173 disseisiri,
822 2094 912 2158 unde
936 2093 1056 2158 dicunt
1079 2094 1169 2178 quod
1193 2093 1347 2178 praedicti

193 2180 341 2246 Isabella
349 2184 386 2247 et
400 2201 517 2246 omnes
533 2180 593 2246 alii
606 2202 676 2245 non
691 2180 948 2247 disseisiverunt
959 2181 1158 2265 praedictum
1175 2181 1346 2244 Simonem

195 2269 236 2334 (lc
251 2269 413 2353 predicto
427 2270 633 2347 tenement0‚
649 2270 739 2352 quod
752 2267 869 2353 posuit
883 2267 920 2331 in
934 2267 1009 2332 visu
1025 2289 1097 2347 suo,
1113 2268 1254 2354 injuste,
1272 2271 1347 2347 etc,

195 2355 284 2420 sicut
301 2356 398 2421 breve
414 2355 508 2420 (licit.
553 2355 600 2419 Et
624 2355 701 2420 ideo
720 2355 972 2422 consideratum
994 2360 1047 2421 est
1073 2355 1163 2438 quod
1185 2354 1348 2439 praedicta

195 2442 343 2508 Isabella
364 2445 400 2507 et
414 2463 531 2508 omnes
555 2440 614 2506 alii
636 2442 716 2507 inde
732 2442 806 2506 sine
828 2442 894 2522 die,
910 2446 945 2506 et
961 2442 1078 2506 Simon
1100 2441 1208 2507 nichil
1234 2442 1348 2527 capiat

194 2550 255 2614 per
269 2529 412 2595 assisam
427 2527 541 2610 istam,
558 2532 611 2594 set
626 2529 673 2594 sit
687 2529 725 2593 in
739 2528 815 2592 mis’
831 2550 892 2614 pro
906 2528 996 2594 falso
1011 2528 1168 2595 clamore.

261 2699 411 2766 Michacl
433 2700 475 2765 de
504 2697 647 2784 Kyllum
677 2699 888 2764 attachiatus
914 2699 985 2763 mit
1007 2699 1051 2764 ml
1074 2699 1348 2785 respondendum

195 2787 307 2853 Priori
321 2787 362 2853 de
377 2785 576 2872 Kyrkeham
599 2787 640 2852 (le
656 2786 783 2872 placito
798 2786 888 2870 quod
903 2790 1021 2852 teneat
1035 2787 1067 2852 ei
1091 2788 1193 2852 finem
1215 2787 1347 2853 factum

196 2875 342 2940 incuria
366 2872 473 2958 Regis
496 2894 609 2938 coram
632 2873 833 2959 justiciariis
855 2873 1096 2938 itinerantibus
1122 2874 1159 2938 in
1182 2875 1348 2940 comitatu

195 2962 273 3043 istc,
289 2963 380 3028 inter
393 2959 616 3041 Willelmum,
634 2961 804 3046 quondam
819 2961 971 3025 Priorem
987 2961 1029 3025 de
1044 2961 1244 3042 Kirkeham,
1261 2985 1345 3046 prae-

197 3049 406 3115 ‹lecessorem
419 3047 574 3133 praedicti
596 3047 735 3128 Prioris,
751 3051 960 3132 querentem,
976 3051 1012 3112 et
1032 3049 1195 3112 Thomam
1212 3050 1253 3114 de
1269 3049 1345 3112 Kil-

195 3137 277 3217 lum‚
294 3141 426 3221 patrem
440 3133 594 3219 praedicti
610 3134 801 3214 Michaelis,
811 3134 910 3220 cujus
924 3135 1023 3199 heres
1039 3135 1111 3220 ipse
1128 3141 1191 3213 est,
1207 3136 1346 3222 impedi-

197 3229 320 3303 entem,
331 3223 373 3289 de
388 3222 520 3286 duabus
535 3221 704 3287 carucatis
719 3225 817 3286 terrae
829 3241 906 3285 cnm
920 3221 1139 3306 pertinentiis
1161 3227 1195 3288 et
1207 3230 1347 3308 pastura

196 3311 239 3375 ad
252 3310 344 3374 mille
354 3329 442 3388 oves,
453 3309 543 3374 unde
558 3308 798 3394 cirographum
811 3309 943 3373 factum
958 3308 1028 3372 init
1043 3309 1198 3374 intereos
1214 3311 1249 3373 in
1264 3333 1347 3395 prae-

196 3397 271 3462 fata
286 3397 380 3463 curia
394 3417 508 3462 coram
522 3397 675 3481 praefatis
689 3394 904 3481 justiciariis,
920 3398 984 3461 etc.
1030 3397 1077 3460 Et
1090 3397 1179 3461 unde
1194 3398 1348 3480 queritur

196 3485 405 3571 quod-cum
416 3483 595 3568 praedictus
605 3482 751 3547 Thomas
762 3481 982 3547 concessisset
991 3482 1152 3568 praedicto
1162 3484 1346 3564 willelmo,

196 3571 431 3658 praedecessori
445 3569 598 3655 pradicti
613 3569 753 3650 Prioris,
771 3569 992 3634 sufficientem
1007 3578 1181 3654 pasturam
1196 3571 1239 3635 ad
1254 3573 1347 3636 mille

196 3679 273 3726 oves
297 3657 334 3721 in
360 3657 504 3737 Killum,
519 3659 560 3721 ut
585 3657 623 3720 in
648 3657 762 3737 moris,
789 3656 949 3741 pasturis,
977 3661 1012 3721 et
1039 3657 1217 3722 dominicis
1246 3659 1348 3723 terris

198 3746 305 3897 ipsips
315 3744 667 3895 Thomadhabemliunp
681 3743 913 3896 etqthenendurp
925 3742 1156 3895 plidmpssPriori
1173 3750 1208 3844 et
1220 3767 1348 3846 sueces-

197 3854 265 3898 sorr
289 3853 328 3897 us
359 3853 430 3896 su1s
483 3852 502 3897 e
551 3853 595 3896 rae
620 3851 688 3896 ico
766 3850 884 3895 omae
952 3850 1007 3894 ere
1067 3853 1107 3896 us
1132 3853 1272 3896 sms1m
1297 3855 1346 3897 er-

197 3925 347 4005 petuum‚
363 3922 414 3983 ita
439 3854 643 4003 quodpidem
667 3917 765 3982 Prior
789 3917 860 3981 fuit
883 3917 962 3982 inde
985 3918 1022 3981 in
1044 3918 1178 4004 seysina
1201 3855 1349 3984 habihdi

197 4006 394 4092 praedictam
419 4009 594 4090 pastmam
621 4025 682 4091 per
704 4004 903 4090 praedictum
929 4005 1031 4068 finem
1061 4005 1140 4071 inde
1170 4006 1262 4071 inter
1290 4027 1348 4071 eos

198 4093 401 4174 confectum,
418 4096 454 4158 et
469 4092 627 4157 similiter
641 4092 679 4155 in
702 4091 881 4157 dominicis
896 4090 1004 4176 ipsius
1020 4091 1198 4158 Michaelis
1213 4094 1257 4157 ad
1280 4093 1349 4159 alia

196 4180 311 4247 averia
336 4201 408 4260 sua,
433 4179 470 4243 in
493 4178 658 4260 warectis,
684 4199 744 4263 per
767 4181 881 4244 totum
904 4199 1044 4258 annum,
1071 4184 1107 4245 et
1130 4180 1289 4244 similiter
1311 4181 1347 4244 in

197 4267 375 4332 (lominicis
404 4267 511 4352 ipsius
541 4265 731 4344 Michaelis,
761 4268 914 4349 tempore
941 4269 1069 4349 aperto,
1100 4265 1240 4347 scilicet,
1270 4270 1349 4352 post

197 4355 297 4420 blada
312 4359 348 4420 et
368 4354 463 4418 foena
485 4357 708 4439 asportatae
728 4352 819 4418 festo
834 4351 995 4418 Omnium
1020 4354 1220 4418 Sanctorum
1242 4375 1348 4438 usqne

198 4443 242 4506 ad
264 4441 393 4506 festum
417 4440 671 4506 Purificationis
697 4440 812 4504 Beatae
834 4438 1176 4524 Mariae-praedictus
1199 4441 1348 4507 Michael

195 4550 266 4594 non
280 4527 452 4614 permittit
467 4529 578 4614 ipsum
600 4527 753 4593 Priorem
768 4527 891 4591 hahere
913 4524 1088 4611 pasturam
1104 4528 1147 4592 ad
1162 4527 1254 4593 mille
1269 4549 1348 4598 oves
