3264 5110
395 593 509 638 issrur
531 593 631 654 uoto,
653 593 991 658 vooruvuuuuusuo,
1017 577 1035 642 7
1057 598 1146 644 sou.
1170 599 1194 644 1.
1306 579 1371 644 339

285 747 432 814 Thomas
454 747 545 814 filius
560 743 709 816 Mtbilioe
729 750 771 815 de
788 749 930 816 Sutflste
951 751 1133 818 submersit
1158 753 1200 818 de
1224 754 1369 838 quodam

219 834 344 901 betello
360 835 513 920 inportu
528 836 570 902 de
585 835 852 924 Neubiggingh'.
887 838 1010 903 Nullus
1025 839 1105 905 inde
1120 840 1369 908 molecrcditur.

218 922 649 1096 {gsssigiulrgg'iufcrtunium
673 925 829 992 Precium
842 925 959 994 butelli
973 926 1025 1013 iiij
1037 927 1074 1008 ε’,
1084 929 1174 995 unde
1185 928 1370 994 vicecomes
1426 963 1430 970 ·

284 1149 336 1214 Dc
351 1149 470 1214 eodem
483 1148 681 1216 vicecomite
696 1150 737 1216 de
752 1151 874 1216 vrecko
889 1150 992 1216 muris
1007 1150 1077 1216 lxs'
1093 1151 1129 1216 ix
1138 1153 1181 1217 ct'.

286 1287 338 1356 De
353 1287 439 1353 vinis
454 1286 611 1368 venditis,
624 1287 832 1374 etc.‚·dicuut
847 1289 937 1373 quod
948 1289 1134 1356 Nicholuus
1146 1291 1188 1356 de
1200 1291 1372 1378 Dunesley

220 1376 256 1476 et
280 1374 397 1492 Simon
419 1375 461 1440 de
476 1374 641 1444 Hertebel
655 1376 880 1442 vendiderunt
894 1377 975 1443 vinu
989 1380 1109 1444 contre
1125 1379 1278 1460 assisam,
1294 1379 1371 1445 ideo

220 1484 258 1527 m
272 1483 337 1528 mrs
351 1511 359 1528 .

284 1601 336 1667 Dc
360 1601 455 1665 novis
486 1601 798 1681 consuetudinibus,
832 1605 908 1683 ete,
943 1602 1063 1668 dicunt
1086 1603 1177 1688 quod
1202 1604 1301 1669 Prior
1330 1604 1372 1669 de

220 1687 383 1754 Tinemue
398 1688 597 1754 ethomines
620 1688 674 1753 sui
689 1689 732 1754 de
744 1687 904 1754 Alnebill’
920 1693 954 1757 et
965 1690 1176 1756 Huukesbill'
1193 1691 1373 1776 inpediunt

220 1775 375 1841 homines
402 1775 444 1841 de
467 1775 707 1860 Nevvbigginh'
732 1775 896 1861 collegere
919 1797 1048 1843 vermes
1076 1798 1176 1863 super
1205 1782 1372 1844 costerem

220 1863 323 1927 moris
338 1864 376 1927 in
390 1865 542 1928 retractu
565 1883 661 1947 equae
684 1863 728 1927 ed
749 1863 869 1929 homos
894 1885 972 1930 suos
996 1865 1187 1950 pascendos
1205 1865 1248 1930 ed
1271 1887 1372 1950 grave

220 1950 404 2035 dompnum
419 1949 579 2034 ipsorum,
596 1953 659 2016 etc.
705 1951 788 2015 ideo
814 1950 1046 2036 adjudicium
1070 1952 1112 2017 de
1135 1972 1184 2016 eo.
1230 1953 1276 2017 Et
1290 1975 1373 2038 proe-

221 2041 357 2123 ceptum
372 2041 425 2102 est
440 2037 629 2102 vicecomiti
652 2038 742 2122 quod
757 2037 871 2103 venire
886 2039 993 2104 iaciat
1007 2039 1204 2124 predictum
1220 2040 1372 2106 Priorem

221 2125 265 2189 ud
279 2124 562 2210 respondendum,
579 2127 643 2190 etc.

285 2263 411 2328 Posteu
432 2263 600 2328 venerunt
622 2261 672 2347 xij
692 2263 861 2347 juratores
876 2265 911 2330 et
925 2263 1026 2331 finem
1041 2264 1197 2331 iecerunt
1210 2287 1272 2351 pro
1288 2286 1323 2331 se
1339 2269 1374 2334 et

221 2371 282 2437 pro
293 2353 369 2414 totu
377 2348 497 2414 villstu
508 2349 695 2430 viueteriis,
712 2349 877 2435 draperiis
892 2371 954 2435 pro
969 2352 1230 2420 coucelumentis
1246 2358 1282 2419 et
1296 2353 1372 2421 eliis

216 2436 549 2534 'transgressionibus
565 2436 649 2502 vm'.

381 2626 536 2692 mevs
558 2647 604 2691 ou
627 2625 848 2692 Oosusmoou
869 2647 973 2690 vuum
996 2648 1063 2691 rus
1085 2628 1192 2696 xrr⁰¹²¹.

285 2782 452 2848 Ricardus
468 2781 555 2846 filius
571 2780 710 2845 Ricardi
726 2779 827 2845 Fabri
842 2779 967 2846 occidit
978 2781 1099 2845 Devid’
1116 2782 1157 2847 de
1174 2781 1324 2848 Gruham
1339 2783 1376 2847 in

221 2870 302 2936 villo
328 2871 369 2937 de
395 2867 600 2954 Oorcbrigge
625 2874 660 2932 et
680 2867 774 2952 fugit
796 2868 839 2932 ed
859 2867 1034 2932 eeclesiam
1050 2868 1168 2935 Sancti
1182 2870 1326 2936 Andreae
1341 2874 1376 2937 et

223 2958 383 3044 cognovit
412 2956 541 3022 fuctum
579 2958 614 3022 et
642 2955 810 3039 abjuravit
843 2975 986 3040 regnum
1024 2976 1137 3021 corum
1167 2962 1374 3023 coronatore.

224 3045 357 3110 Catella
372 3045 444 3128 ejus
461 3043 495 3128 xj
509 3043 535 3106 s’
552 3043 585 3128 vj
600 3042 633 3106 d’
649 3041 707 3107 ob’.
745 3042 792 3107 Flt
807 3042 886 3127 quio
900 3042 1018 3108 villstu
1034 3043 1076 3108 de
1092 3044 1287 3131 Cerebrigg'
1305 3065 1373 3109 non

221 3132 311 3218 cepit
325 3132 448 3217 ipsum,
464 3129 540 3196 ideo
555 3129 593 3193 in
606 3129 694 3195 mis'.

289 3285 481 3352 Willelmus
520 3284 679 3364 Oluudus,
719 3286 825 3364 sutor,
870 3282 1058 3349 indictutus
1102 3306 1162 3370 per
1206 3284 1374 3370 appellum

227 3375 368 3440 Wolteri
394 3375 436 3440 de
456 3371 703 3457 'Whitington’‚
726 3371 928 3455 probatoris
953 3371 1124 3435 subtraxit
1148 3393 1183 3438 se
1210 3375 1245 3438 et
1272 3371 1376 3438 mele-

223 3463 383 3542 creditur,
399 3461 476 3526 ideo
499 3459 658 3544 erigetur
683 3462 718 3526 et
741 3457 925 3543 utlagetur.
971 3455 1104 3524 Getullu
1119 3460 1194 3545 ejus
1209 3458 1231 3545 ij
1243 3460 1269 3522 s’
1284 3457 1317 3544 vj
1331 3461 1375 3539 d',

223 3551 312 3616 unde
327 3549 511 3615 vicecomes
528 3545 738 3632 respondeat.
784 3545 830 3609 Et
845 3545 1013 3610 Muthaeus
1029 3545 1183 3612 Piscator
1205 3546 1377 3611 subtraxit

223 3659 258 3705 se
273 3658 334 3724 per
348 3635 516 3723 appellum
533 3633 696 3718 ejusdcm,
713 3632 788 3697 ideo
804 3632 962 3717 exigetur
977 3635 1012 3697 et
1028 3632 1209 3718 utlogetur.
1242 3633 1375 3699 Catella

222 3720 1124 3895 ttritelipssttttttttttffl{Sistit
1156 3722 1202 3785 Et
1217 3721 1265 3806 ‘³³'
1283 3721 1376 3806 lm

288 3965 462 4031 Johennes
487 3963 624 4049 Ohoppe
647 3961 814 4048 percussit
838 3961 1020 4026 Ricardum
1044 3961 1086 4026 de
1110 3962 1308 4049 Sehsregill’
1338 3965 1375 4029 in

224 4054 335 4139 capite
350 4052 496 4137 quodem
511 4052 585 4137 pori
599 4049 767 4134 forcipum
783 4048 833 4113 ite
849 4049 938 4134 quod
952 4048 1031 4114 inde
1055 4050 1150 4116 obiit.
1195 4051 1241 4114 Et
1257 4052 1373 4115 stetim

222 4141 315 4227 fugit
331 4143 366 4204 et
379 4138 625 4215 mulecreditur,
638 4137 714 4203 ideo
727 4136 885 4222 exigetur
896 4141 931 4201 et
946 4135 1131 4222 utlegetur.
1155 4136 1288 4203 Catullo
1299 4138 1375 4223 ejus

223 4251 288 4294 xxx
298 4228 324 4292 s'
340 4227 376 4311 iij
389 4226 433 4306 d',
449 4226 539 4291 unde
553 4225 739 4290 vicecomes
754 4223 967 4309 respondeat.
1014 4224 1109 4290 Idem
1132 4225 1253 4289 hebuit
1268 4247 1375 4308 quon-

224 4317 302 4382 dum
332 4315 468 4379 domum
497 4313 534 4377 in
560 4313 661 4378 feodo
687 4311 774 4376 unde
798 4331 908 4374 onnus
931 4315 967 4375 et
989 4314 1122 4375 vastum
1146 4311 1200 4396 xvj
1215 4312 1241 4375 ε’
1266 4311 1317 4397 iiij
1330 4313 1374 4390 d',

223 4403 372 4469 medium
386 4404 520 4486 tempus
536 4400 584 4486 xij
598 4400 635 4479 s',
660 4399 750 4463 unde
765 4398 856 4462 idem
871 4397 1055 4464 vicecomes
1072 4399 1282 4483 respondeat.
1330 4400 1375 4464 Et

224 4487 501 4578 Robertusssfilius
523 4485 652 4573 Rogeri
676 4485 765 4570 oepit
790 4484 968 4570 proedictos
991 4485 1103 4551 exitus
1127 4486 1199 4551 siue
1222 4490 1374 4567 voranto,

225 4579 301 4658 ideo
316 4578 353 4642 in
368 4576 456 4642 mis'.
671 4588 674 4594 '
1225 4660 1243 4726 2

1190 4680 1207 4726 z
