3264 5110
254 524 318 591 276
424 546 538 591 rssran
560 545 657 607 roan,
681 543 1018 608 soaruurrnnnmru,
1043 523 1062 590 7
1085 544 1173 592 nav.
1196 544 1220 592 1.

255 699 579 790 praefataeIsabellae,
595 699 752 765 idoneam
760 719 938 786 personam
949 699 994 765 ad
1004 699 1199 785 praedictam
1211 697 1396 779 ecclesiam,

253 790 462 867 admitteret,
478 788 568 854 idem
583 786 852 853 Archidiaconus
869 786 1026 852 idoneam
1041 807 1219 871 personam
1233 787 1278 851 ad
1292 785 1396 852 eccle·

254 877 339 942 siam
367 875 562 961 praedictam
593 875 637 939 ad
662 874 958 960 praesentationem
977 874 1137 1026 grassatae
1160 873 1307 939 Isabella
1329 893 1397 938 non

253 963 402 1044 admisit,
427 962 471 1028 ad
498 982 598 1046 grave
627 961 812 1046 dampnum
841 960 948 1047 ipsius
1005 961 1165 1027 omitissae
1195 966 1230 1026 et
1258 960 1296 1024 in
1320 981 1398 1026 con·

253 1055 422 1136 temptum
432 1049 560 1114 domini
569 1049 684 1133 Regis,
696 1053 760 1115 etc.
786 1048 1108 1133 Eitipsenonvenit.
1136 1050 1182 1113 Et
1191 1051 1397 1134 praeceptum

254 1139 325 1203 fuit
338 1137 527 1203 vicecomiti
542 1137 632 1221 quod
647 1135 869 1200 summoniret
878 1156 956 1200 eum
968 1135 1056 1220 quod
1071 1140 1161 1201 esset
1175 1134 1232 1200 hic
1246 1135 1291 1201 ad
1305 1136 1397 1200 hunc

255 1225 354 1292 diem.
399 1225 446 1289 Et
469 1223 652 1290 vicecomes
676 1222 764 1286 nihil
792 1222 872 1289 inde
894 1223 980 1289 iecit
1003 1226 1057 1288 set
1081 1223 1281 1288 mandatum
1307 1223 1396 1306 quod

254 1313 394 1378 clericus
410 1313 464 1377 est
478 1314 514 1377 et
527 1330 596 1375 nou
610 1310 715 1375 habet
730 1308 855 1375 laicum
869 1309 1008 1376 feodum
1021 1330 1082 1396 per
1096 1311 1196 1394 quod,
1213 1315 1276 1375 etc.
1314 1309 1397 1374 Ideo

253 1401 454 1465 mandatum
490 1400 542 1464 est
578 1397 742 1478 Waltero,
772 1396 975 1462 Eboracensi
1013 1397 1284 1482 archiepiscopo,
1309 1397 1395 1481 quod

253 1486 366 1554 venire
395 1484 502 1551 iaciat
527 1485 725 1570 pradictum
749 1483 954 1565 Galfridum,
979 1483 1138 1550 clericum
1168 1505 1277 1565 suum,
1307 1485 1397 1569 apud

254 1573 410 1661 Appelby
424 1573 461 1637 in
476 1571 651 1638 Comitatu
665 1570 958 1638 Westmerlandiae
973 1591 995 1636 a
1017 1571 1071 1639 die
1086 1571 1225 1638 Pascha
1239 1572 1276 1635 in
1291 1593 1397 1636 unum

253 1681 414 1727 mensem.
459 1660 506 1726 Et
520 1658 611 1724 unde
625 1659 809 1726 vicecomes
825 1658 1010 1740 mandavit,
1026 1663 1091 1727 etc.

316 1823 443 1888 Eadem
459 1821 614 1902 Isabella,
629 1842 690 1907 per
705 1825 919 1887 attornatum
935 1843 1044 1903 suum,
1060 1821 1187 1908 optulit
1202 1843 1238 1888 se
1252 1822 1328 1908 iiijto
1342 1821 1397 1886 die

254 1932 368 1978 versus
384 1909 579 1976 Gadiridum
604 1910 647 1974 de
663 1908 789 1974 Sancto
815 1909 943 1991 Marco,
966 1910 1253 1976 Archidiaconum
1273 1909 1397 1976 Richa-

251 1998 408 2078 mundiae,
422 2001 458 2063 et
474 1996 681 2081 Magistrum
696 1996 889 2062 Johannem
915 1997 956 2062 de
980 1996 1190 2063 Craucumbe
1214 1998 1256 2063 de
1271 1997 1396 2081 placito

251 2107 354 2170 quare
384 2106 461 2150 cum
490 2083 607 2149 eadem
636 2082 784 2148 Isabella
813 2083 849 2148 in
875 2084 969 2149 curia
993 2084 1123 2149 'domini
1152 2084 1254 2169 Regis
1284 2105 1396 2148 coram

248 2171 450 2260 justiciariis
467 2170 537 2236 suis
552 2170 642 2256 apud
660 2170 842 2255 Sadopiam,
857 2191 918 2256 per
927 2171 1233 2237 considerationem
1247 2172 1396 2256 ejusdem

252 2259 363 2340 curiae,
378 2263 609 2343 recuperasset
623 2258 920 2341 presentationem
935 2279 1042 2339 suam,
1065 2279 1180 2324 versus
1195 2257 1339 2324 Aliciam
1355 2259 1396 2322 de

252 2347 356 2431 Lucy,
372 2345 603 2411 advocationis
630 2345 671 2409 de
697 2344 793 2410 Dene
807 2367 869 2431 per
890 2345 988 2412 breve
1012 2345 1141 2410 domini
1167 2346 1283 2432 Regis,
1307 2346 1397 2430 quod

252 2433 378 2499 dicitur
392 2454 495 2517 quare
510 2432 652 2516 inpedit,
668 2430 771 2496 iidem
787 2431 961 2497 Galiridus
977 2437 1012 2498 et
1027 2433 1213 2512 iohannes,
1228 2434 1397 2517 pendente

251 2520 378 2607 placito
414 2521 451 2583 in
488 2518 633 2604 praefata
669 2518 763 2584 curia
801 2519 930 2584 domini
960 2519 1066 2606 Regis
1099 2541 1212 2585 coram
1243 2520 1396 2604 praefatis

248 2606 449 2694 justiciariis
461 2606 720 2686 suis‚eoclesiam
732 2605 928 2691 praedictam
937 2607 1237 2673 incumbraverrmt
1245 2607 1281 2671 in
1290 2607 1396 2692 ipsius

251 2694 399 2760 Isabella
412 2693 647 2779 prejudicium
662 2697 698 2758 et
712 2714 905 2778 gravamen,
930 2696 966 2759 ct
986 2699 1105 2759 contra
1127 2694 1237 2780 legem
1261 2699 1295 2760 et
1317 2715 1395 2759 con-

252 2780 467 2848 suetudinem
482 2781 589 2864 regni,
601 2783 665 2846 etc.
711 2780 757 2844 ut
773 2780 840 2865 ipsi
850 2801 918 2845 non
933 2781 1085 2846 veniunt.
1130 2781 1177 2845 ut
1192 2783 1396 2867 praeceptum

250 2869 320 2934 fuit
334 2866 523 2934 vicecomiti
539 2867 628 2951 quod
643 2867 865 2934 summoniret
874 2889 941 2947 eos,
958 2872 1035 2949 etc,
1052 2869 1141 2952 quod
1152 2873 1266 2934 essent
1280 2869 1337 2933 hic
1352 2869 1396 2932 ad

250 2957 341 3021 hunc
356 2955 455 3020 diem.
500 2953 546 3018 Et
569 2954 753 3020 vicecomes
779 2953 885 3021 nichil
911 2953 989 3019 inde
1005 2955 1099 3035 iecit,
1124 2958 1176 3020 set
1196 2956 1396 3020 mandatum

252 3043 341 3128 quod
357 3041 469 3107 clerici
488 3045 569 3105 sunt
584 3046 618 3106 et
633 3062 702 3106 non
717 3041 847 3106 habent
867 3041 1000 3127 laycum
1023 3043 1162 3108 feodum
1189 3042 1249 3107 ubi
1271 3045 1395 3127 potest,

251 3134 316 3195 etc.
354 3129 437 3193 Ideo
452 3128 650 3192 mandatum
666 3131 720 3193 est
735 3129 895 3210 Waltero,
907 3129 1125 3214 Archiepisco
1150 3130 1396 3206 oEboracensi,

252 3216 341 3301 quod
365 3216 474 3280 faciat
500 3235 556 3279 eos
581 3215 696 3280 venire
721 3216 813 3300 apud
839 3216 1028 3282 Eboracum
1055 3217 1091 3280 in
1146 3217 1254 3282 ctabis
1280 3216 1397 3281 Sancti

251 3303 431 3368 Trinitatis
447 3302 491 3368 ad
505 3302 788 3388 respondendum,
804 3306 868 3369 etc.
914 3303 960 3367 Et
983 3304 1073 3369 unde
1095 3305 1279 3370 vicecomes
1298 3325 1396 3368 man-

252 3391 357 3472 davit,
373 3393 438 3456 etc.

316 3543 638 3610 Oumbr'.-]dadem
649 3542 841 3626 comitissa,
852 3565 912 3630 per
928 3548 1140 3610 attornatum
1152 3566 1260 3625 suum,
1271 3545 1397 3630 optulit

252 3653 288 3698 se
302 3632 380 3717 iiijto
395 3632 449 3698 die
464 3652 579 3696 versus
600 3629 803 3712 Galiridm,
827 3631 1112 3698 Archidiaconum
1131 3631 1396 3713 Richemundiae‚

250 3721 292 3784 de
306 3720 432 3804 placito
448 3739 549 3803 quare
564 3739 641 3782 cum
655 3718 815 3802 praedicta
826 3719 973 3784 Isabella
988 3719 1024 3783 in
1040 3719 1134 3784 curia
1148 3717 1276 3784 domini
1291 3719 1396 3805 Regis

252 3804 572 3889 coramjusticiariis
588 3805 658 3869 suis
674 3805 765 3890 apud
790 3806 982 3892 Sallopiam,
1008 3828 1069 3892 per
1093 3807 1395 3875 considerationem

253 3893 405 3978 ejusdem
450 3890 561 3973 curia,
604 3897 835 3976 recuperasset
874 3896 1170 3978 praesentationem
1214 3915 1310 3960 suam
1351 3895 1395 3959 ad

252 3979 427 4046 ecclesiam
443 3979 485 4043 de
499 3977 608 4045 Denei
622 4000 737 4045 versus
751 3979 897 4046 Aliciam
922 3982 963 4045 de
979 3981 1083 4067 Lucy,
1104 4002 1163 4067 per
1183 3982 1270 4065 quod
1286 3982 1395 4048 eidem

251 4067 500 4132 Archidiaconc
516 4067 714 4131 mandatum
728 4087 789 4152 per
804 4067 903 4133 breve
918 4089 1017 4134 suum
1032 4070 1074 4133 de
1088 4069 1229 4153 judicio,
1245 4069 1335 4153 quod
1351 4069 1394 4134 ad

251 4153 546 4241 praesentationem
570 4154 739 4237 praedictec
765 4154 952 4220 Comitissae
978 4156 1136 4220 idoneam
1159 4177 1336 4241 personam
1351 4157 1395 4220 ad

251 4241 446 4328 predictam
475 4239 649 4306 ecclesiam
674 4239 882 4322 admitteret,
918 4242 1007 4307 idem
1030 4242 1299 4308 Arohidiaconus
1324 4243 1395 4307 idc-

252 4349 351 4394 neam
366 4347 544 4411 personam
559 4329 603 4392 ad
618 4328 794 4394 ecelesiam
815 4329 1010 4415 praedictam
1035 4330 1078 4395 ad
1099 4327 1395 4413 presentationem

252 4416 401 4501 prefatae
422 4413 610 4480 Comitissae
625 4435 695 4480 non
715 4416 864 4496 admisit,
891 4417 935 4481 ad
951 4435 1053 4502 grave
1079 4416 1262 4500 dampnum
1287 4416 1395 4500 ipsius

252 4501 441 4570 Comitissae
455 4503 491 4568 et
505 4501 542 4566 in
558 4506 791 4594 contemptum
806 4502 935 4570 domini
950 4503 1054 4596 Regis
1068 4503 1232 4594 predicti,
1250 4506 1313 4573 etc.
1352 4503 1398 4572 ut
