3278 5104
347 561 462 607 sssran
484 561 583 622 aona,
607 561 946 622 noarnnunnnnsrvn,
969 541 1013 606 40
1035 561 1118 607 nar.
1141 561 1197 607 111.
1309 539 1350 604 95

266 715 435 782 Henricus
451 714 539 782 filius
554 715 692 781 Ricardi
703 714 947 782 deBechefeud
962 715 1121 782 inventus
1136 714 1206 780 init
1221 714 1350 780 occisus

203 803 242 867 in
257 803 404 888 quodam
417 803 527 868 rivulo
538 802 629 868 inter
642 802 769 888 Ryton'
784 805 819 868 et
837 801 1060 888 Wyndegate.
1104 802 1266 868 Nescitur
1275 802 1350 887 quis

202 911 281 956 enm
295 890 430 957 cecidit.
475 889 658 970 Oristiana,
674 911 760 954 uxor
780 891 934 954 Bertram
956 888 997 956 de
1012 888 1229 976 Wyndegat',
1241 889 1351 976 prima

202 977 383 1058 inventrix,
405 978 500 1043 venit
515 981 550 1042 et
565 998 635 1041 non
657 975 901 1042 maleoreditur.
947 975 993 1040 nt
1009 975 1132 1042 villata
1147 977 1189 1041 de
1204 976 1350 1062 Wynde-

203 1067 295 1166 gate,
318 1064 473 1152 Wytton,
498 1063 655 1144 Wutton,
680 1067 715 1129 et
741 1063 878 1130 Horsell
901 1084 970 1128 non
994 1066 1160 1130 venerunt
1185 1062 1284 1149 plene
1307 1065 1350 1129 ad

201 1152 468 1237 mquisitionem,
483 1151 559 1217 ideo
574 1151 612 1215 in
626 1151 712 1216 mis'.

267 1289 378 1354 Adam
393 1287 596 1374 Sortlsyrtell
622 1288 663 1353 de
687 1287 790 1352 Molle
805 1286 930 1354 occidit
945 1287 1093 1352 Alannm
1108 1287 1293 1353 Mauclerlr’
1309 1288 1351 1355 de

202 1377 374 1462 Tynemue
396 1376 433 1440 in
455 1376 595 1440 Foresta
617 1375 658 1440 de
680 1374 829 1460 Ronbyr.
874 1374 920 1438 Et
934 1375 1044 1440 Adam
1067 1373 1185 1439 statim
1208 1375 1351 1460 fugitet

203 1463 453 1543 malcereditur,
485 1462 561 1527 ideo
591 1461 749 1548 exigatur
782 1464 817 1528 et
850 1461 1036 1546 utlagatur.
1094 1461 1199 1528 Nulla
1227 1461 1349 1528 habuit

203 1550 338 1617 catalla.
384 1551 430 1614 Et
451 1549 575 1615 villatae
599 1549 640 1614 de
664 1549 831 1614 Lutedon'
854 1551 889 1614 et
911 1548 1070 1633 Rothleg'
1093 1570 1162 1614 non
1186 1553 1351 1615 venerunt

202 1638 302 1724 plene
317 1638 360 1702 ad
375 1636 643 1722 inquisitionem,
658 1635 735 1704 ideo
750 1635 787 1699 in
801 1637 888 1702 mis’.

269 1775 496 1860 Rannulphus
511 1774 542 1839 le
557 1774 684 1841 Berker
699 1773 740 1839 de
755 1773 914 1859 Horsleg’
926 1777 961 1838 et
975 1773 1145 1839 Robertus
1160 1774 1352 1861 Leypinger

206 1863 248 1928 de
275 1863 403 1942 eadem,
429 1861 595 1929 veniendo
619 1862 661 1926 de
686 1860 831 1925 taberna
859 1861 901 1928 de
929 1861 1099 1945 Horsleg',
1129 1859 1352 1946 litigaverunt
1419 1913 1424 1920 .

204 1949 403 2029 adinvicem,
428 1948 478 2012 ita
505 1950 594 2032 quod
616 1946 786 2033 litigando
811 1947 979 2034 percussit
999 1948 1089 2013 idem
1122 1948 1347 2033 Rannulphus

203 2037 402 2122 praedictum
426 2035 614 2100 Robertum
638 2034 782 2119 quodam
809 2034 932 2100 entello
961 2034 998 2098 in
1028 2038 1156 2116 ventre,
1186 2037 1237 2100 ita
1261 2036 1349 2121 quod

204 2123 320 2188 statim
336 2124 415 2189 inde
430 2122 526 2187 obiit.
572 2121 772 2206 Helewysia,
795 2142 880 2186 uxor
902 2122 1052 2208 ejusdem
1073 2121 1224 2203 Roberti,
1239 2124 1349 2208 prima

204 2210 387 2290 inventrix,
402 2209 495 2275 venit
511 2213 546 2274 et
561 2229 629 2273 nou
644 2209 891 2275 malecreditur.
937 2209 983 2272 Elt
994 2208 1219 2294 Rannulphus
1230 2211 1349 2274 statim

202 2298 296 2381 fugit
319 2300 355 2362 et
376 2296 623 2376 malcereditur,
646 2295 721 2362 ideo
746 2295 903 2381 exigatur
929 2299 965 2360 et
988 2295 1172 2380 utlagetur.
1217 2295 1350 2362 Oatalla

204 2385 356 2471 ejusdem
371 2383 426 2468 xxj
440 2384 466 2447 ε’
481 2382 528 2468 vij
543 2382 586 2464 d',
601 2382 691 2448 uude
707 2382 889 2447 vicecomes
912 2381 1123 2467 respondeat.
1168 2382 1214 2445 m
1225 2383 1349 2449 villatae

205 2471 246 2539 de
262 2470 443 2537 Staunton'
459 2472 494 2534 et
509 2469 697 2535 Fenrother
710 2489 777 2533 non
793 2469 950 2534 fecerunt
965 2472 1102 2550 sectam,
1119 2467 1194 2534 ideo
1209 2470 1246 2533 in
1261 2470 1349 2537 mis’.

270 2617 444 2703 Reynerus
459 2617 491 2683 le
505 2616 634 2681 Brasur
647 2615 690 2681 de
705 2616 837 2681 Wuton
849 2615 1019 2682 subtraxit
1033 2638 1067 2683 se
1083 2637 1145 2702 pro
1156 2617 1347 2702 suspicione

204 2704 385 2785 latrocinii,
402 2708 437 2770 et
460 2704 699 2769 malecreditur
713 2703 754 2768 de
769 2702 879 2788 porcis
895 2701 1030 2782 imatis,
1045 2703 1121 2768 ideo
1136 2705 1292 2790 exigatur
1315 2711 1351 2771 et

204 2791 389 2878 utlagatur.
449 2791 582 2858 Catella
607 2789 682 2875 ejus
712 2791 780 2870 ιε’,
803 2789 893 2856 unde
923 2790 1105 2857 vicecomes
1135 2793 1347 2877 respondeat.

205 2881 251 2946 Et
264 2879 384 2944 villata
397 2878 438 2944 dc
453 2878 638 2943 Blakeden'
654 2878 691 2941 in
707 2877 782 2942 mis’
797 2897 858 2962 pro
873 2877 1150 2962 transgressione.

269 3023 463 3090 Willelmus
486 3023 586 3088 Miles
601 3022 644 3088 de
667 3021 927 3108 Suthvvydelade
950 3021 1108 3088 inventus
1127 3022 1198 3088 fuit
1219 3025 1349 3091 occisus

203 3113 241 3176 in
263 3132 358 3176 mora
382 3110 423 3178 de
445 3110 576 3195 Magna
597 3109 772 3175 Beneton'.
818 3109 864 3172 Et
886 3109 1066 3194 Margeria,
1090 3128 1175 3175 uxor
1197 3111 1348 3197 ejusdcm

206 3197 379 3278 willelmi,
408 3198 519 3283 prima
547 3196 730 3278 inventrix,
761 3195 856 3261 obiit.
915 3196 962 3259 m
998 3198 1164 3262 testatum
1201 3203 1254 3263 est
1289 3220 1350 3285 per

204 3285 374 3370 juratores
404 3285 493 3369 quod
523 3283 714 3349 Willelmus
740 3283 772 3348 le
802 3283 970 3367 Franceys
1000 3283 1041 3347 dc
1079 3283 1282 3369 Wydeslade
1312 3291 1347 3351 et

204 3371 378 3436 Walterus
394 3370 662 3436 Molendinarius
677 3370 718 3437 de
733 3369 851 3434 eadem
867 3370 1109 3435 subtraxerunt
1124 3391 1159 3435 se
1168 3392 1230 3456 pro
1241 3377 1349 3438 morte

205 3457 358 3545 praedicti
397 3457 558 3522 Willelmi
595 3461 631 3523 et
667 3457 949 3536 malcoreduntur,
986 3457 1062 3522 ideo
1098 3457 1279 3542 exigantur
1314 3463 1349 3527 et

206 3545 414 3631 utlagentur.
470 3544 603 3610 Catalla
640 3543 794 3629 praedicti
831 3542 995 3608 Willelmi
1024 3543 1073 3606 ls’
1103 3544 1149 3629 vij
1161 3545 1194 3608 d'
1220 3545 1349 3612 obolus.

206 3631 339 3699 Oatalla
360 3631 512 3718 praedicti
538 3631 684 3697 Walteri
705 3631 751 3715 vij
764 3631 801 3710 ε’,
818 3629 907 3696 unde
930 3630 1113 3695 vicecomes
1135 3633 1348 3718 respondeat.

205 3721 251 3784 Et
265 3719 392 3785 villatae
407 3719 447 3785 de
462 3717 774 3802 Northwydeslade‚
791 3720 827 3782 et
843 3717 1131 3802 Suthvvydeslade,
1147 3721 1181 3782 et
1197 3718 1348 3807 (lulling-

204 3807 326 3872 vvurth'
342 3826 411 3870 non
426 3808 591 3872 venerunt
606 3805 649 3870 ad
664 3804 929 3889 inquisitionem,
944 3804 1021 3870 ideo
1035 3806 1073 3870 in
1088 3805 1173 3870 mis’.

270 3943 508 4008 Malefactores
524 3940 661 4028 ingnoti
682 3942 913 4027 burgaverunt
928 3941 1065 4007 domum
1087 3941 1238 4009 Metilia
1253 3943 1294 4010 de
1315 3944 1351 4010 la

204 4031 299 4096 Mere
313 4032 349 4095 et
362 4030 451 4095 bona
466 4051 528 4095 sua
542 4033 811 4114 asportaverunt.
856 4028 1016 4094 Nescitnr
1031 4029 1090 4113 qui
1104 4028 1257 4096 fuerunt.
1301 4032 1348 4096 Et

204 4117 322 4184 villata
337 4117 378 4184 de
392 4116 612 4204 Wythinton'
628 4138 697 4182 non
712 4115 798 4182 fecit
813 4121 951 4197 sectam,
968 4115 1043 4180 ideo
1058 4116 1096 4180 in
1110 4116 1197 4182 mis’.

269 4261 416 4343 Quidam
445 4261 584 4348 ignotus
621 4262 779 4328 inventus
805 4261 876 4326 fuit
912 4262 1041 4328 occisus
1075 4262 1112 4327 in
1147 4264 1274 4349 campis
1308 4265 1349 4330 de

204 4348 389 4430 (lolewelle,
405 4349 545 4416 canibus
556 4348 772 4416 membratim
780 4349 957 4415 laceratus.
1003 4349 1212 4436 Reginaldus
1227 4350 1350 4417 Pastor

206 4435 247 4502 de
273 4435 457 4518 Oolewelle,
481 4436 611 4523 primus
634 4437 800 4516 inventor,
821 4437 916 4503 venit
945 4439 981 4501 et
1007 4458 1075 4502 non
1100 4437 1347 4504 malecreditur.

205 4523 365 4590 Nascitur
412 4524 488 4609 quis
524 4545 602 4591 enm
635 4522 773 4590 occidit.
840 4523 886 4588 m
930 4523 1056 4590 villata
1092 4524 1134 4591 de
1170 4523 1347 4608 Oolewell',
