3280 5112
365 523 479 569 irsrzr
502 524 601 583 noua,
625 523 963 586 roamnaransnn,
987 505 1031 570 lo
1053 524 1137 568 aar.
1161 525 1216 568 111.
1327 503 1365 566 41

214 677 321 743 libere
348 677 517 743 concessit
540 677 665 742 molere
692 679 808 744 omnia
833 679 935 743 blada
956 677 1075 744 suade
1090 676 1192 743 terris
1208 677 1371 762 suispro·

216 765 391 830 venientia
415 765 453 828 in
479 765 597 832 eadem
622 765 706 830 villa
730 766 774 831 ad
799 766 1000 850 pradictum
1027 764 1271 843 molendinum,
1287 785 1372 848 quas

216 856 327 916 terras
342 853 432 916 idem
447 852 615 917 Ricardus
633 856 731 918 tenet
754 855 796 917 de
812 853 901 917 dono
928 853 1079 938 ejusdem
1096 851 1273 932 willelmi,
1287 872 1371 936 prae·

216 940 330 1004 dictus
350 940 461 1003 Adam
472 940 544 1023 jam
568 939 710 1004 dimidio
735 961 825 1004 anno
847 939 962 1024 elapso
988 960 1055 1003 non
1083 938 1239 1024 permisit
1259 939 1371 1023 ipsum

216 1025 321 1092 litere
332 1026 456 1091 molere
468 1026 511 1090 ad
522 1027 723 1111 praedictum
736 1025 968 1092 molendinum
980 1026 1070 1091 sicut
1082 1027 1268 1105 consuevit,
1281 1025 1371 1090 unde

218 1113 303 1178 dicit
319 1113 407 1197 qnod
422 1113 648 1179 deterioratae
669 1117 722 1178 est
742 1119 779 1178 et
801 1113 985 1198 dampnum
1009 1112 1113 1178 habet
1127 1114 1172 1177 ad
1187 1112 1372 1176 valentiam

218 1199 302 1264 xls'.
362 1201 409 1264 at
433 1200 514 1264 inde
540 1200 698 1284 producit
724 1204 862 1280 sectam,
889 1205 954 1266 etc.
1008 1200 1056 1263 Et
1078 1199 1190 1262 Adam
1215 1198 1310 1263 venit
1336 1203 1372 1263 et

218 1287 375 1354 defendit
400 1286 469 1351 rim
493 1289 530 1351 et
554 1287 719 1372 injuriam
740 1288 886 1371 quand0,
912 1292 977 1351 etc.
1035 1287 1081 1350 Et
1102 1286 1188 1350 benc
1215 1285 1372 1350 defendit

218 1375 310 1458 quod
334 1374 425 1438 idem
449 1373 617 1438 Ricardus
643 1374 773 1439 nullam
798 1373 942 1438 liberam
965 1373 1140 1437 milturam
1159 1373 1228 1456 (sio)
1246 1372 1371 1438 habero

217 1461 318 1529 debet
343 1461 381 1524 in
403 1460 566 1545 praedicto
590 1460 784 1525 molendino
809 1481 872 1526 nco
895 1481 1066 1545 unoquam
1085 1459 1155 1524 fuit
1178 1460 1215 1523 in
1237 1459 1372 1545 seysina

217 1548 322 1614 libere
337 1547 487 1612 molendi
503 1548 547 1611 ad
561 1547 763 1633 praedictum
785 1547 1028 1612 molendinum.
1074 1546 1121 1611 Et
1137 1548 1178 1612 de
1194 1547 1258 1612 hoc
1272 1547 1372 1632 ponit

221 1657 257 1700 se
269 1655 370 1719 super
379 1634 538 1719 patriam.
562 1635 608 1698 Rt
617 1635 784 1700 Ricardus
796 1634 963 1700 similiter.
987 1634 1371 1718 Ideofiatindojurata.

284 1723 331 1786 Et
353 1721 535 1806 juratores,
559 1721 600 1785 dc
623 1742 791 1786 consensu
813 1722 966 1806 partium
989 1720 1099 1802 electi,
1125 1721 1243 1786 dicunt
1273 1742 1374 1805 super

219 1813 469 1875 sacramentum
486 1829 585 1872 suum
600 1809 691 1892 quod
706 1828 769 1873 nec
783 1809 965 1893 pradictus
981 1807 1175 1873 Willelmus
1188 1809 1230 1872 de
1242 1809 1373 1872 Droxe-

219 1897 298 1960 ford
327 1896 386 1980 qui
411 1894 557 1960 feofavit
587 1896 787 1979 pradictum
817 1895 1001 1961 Ricardum
1031 1895 1074 1960 de
1104 1896 1205 1960 terris
1236 1894 1307 1960 suis
1337 1895 1374 1958 in

218 1984 381 2069 praedicta
396 1981 487 2061 villa,
505 2003 567 2047 nec
582 1981 673 2046 idem
687 1983 855 2048 Ricardus
870 1987 1052 2067 postquam
1064 1983 1180 2046 tenuit
1194 1981 1374 2067 praedictas

218 2075 339 2149 terras,
365 2090 535 2152 unoquam
561 2069 756 2133 habuerunt
781 2070 931 2153 aliquam
953 2069 1096 2134 liberam
1119 2068 1304 2133 multuram
1330 2069 1375 2132 ad

219 2157 419 2243 praedictum
435 2155 677 2222 molendinum.
723 2156 807 2221 Ideo
828 2157 1082 2222 consideratum
1105 2159 1159 2219 est
1181 2157 1270 2238 quod
1292 2177 1376 2240 pra-

221 2246 332 2309 dictus
356 2244 467 2308 Adam
497 2243 577 2307 inde
603 2243 678 2307 sine
704 2243 770 2323 die,
794 2247 829 2308 et
851 2244 1019 2308 Ricardus
1045 2241 1152 2307 nichil
1179 2243 1295 2327 capiat
1316 2265 1377 2328 per

139 2393 142 2398 ,
221 2333 362 2397 assisam
377 2331 491 2410 istam,
507 2333 543 2395 et
559 2329 655 2395 sitin
679 2330 754 2395 mis'
778 2352 840 2416 pro
861 2331 951 2396 falso
974 2331 1120 2396 clamore
1140 2349 1201 2414 per
1224 2329 1375 2415 plegium

220 2419 309 2484 rio'.¹

287 2530 479 2596 Willelmus
510 2528 600 2593 filius
637 2528 777 2593 Ricardi
815 2528 942 2613 optulit
980 2549 1015 2595 se
1051 2529 1130 2615 iiijto
1166 2529 1222 2595 die
1259 2549 1375 2594 versus

221 2619 244 2684 J
246 2619 416 2683 ohannem
439 2615 547 2679 filium
563 2615 763 2702 Rannulphi
785 2616 827 2679 de
850 2615 979 2701 placito
995 2617 1096 2680 unius
1112 2616 1309 2702 messuagii,
1326 2616 1372 2702 xij

222 2727 377 2771 acrarum
392 2708 493 2768 terrae
507 2703 659 2768 etunius
674 2725 761 2768 acra
776 2703 868 2787 prati
883 2724 960 2768 cum
979 2702 1198 2787 pertinentiis
1213 2703 1250 2767 in
1265 2704 1377 2770 Heth·

221 2792 388 2878 pole‚quae
400 2789 560 2855 clamavit
569 2791 675 2874 utjus
686 2810 912 2855 suumversus
923 2811 1000 2854 eum
1010 2791 1178 2874 perbreve
1189 2790 1375 2876 ingressus.

223 2881 270 2944 Et
290 2880 363 2963 ipse
388 2899 458 2942 non
482 2877 588 2957 venit,
605 2881 669 2942 etc.
715 2877 761 2941 Et
783 2877 869 2941 alias
892 2877 977 2942 fecit
993 2877 1158 2943 defaltum
1173 2877 1210 2941 in
1227 2878 1377 2942 crastino

223 2966 340 3032 Clausi
356 2964 505 3030 Pascha.
551 2963 608 3028 Ita
632 2964 722 3048 quod
747 2967 953 3050 praeceptum
977 2963 1048 3028 fuit
1073 2964 1264 3030 vicecomiti
1287 2966 1378 3048 quod

224 3056 361 3138 caperet
376 3051 541 3137 praedicta
558 3051 800 3137 masnagium,
816 3054 944 3115 terram
966 3054 1002 3116 et
1023 3055 1160 3135 pratum
1183 3050 1220 3115 in
1238 3073 1378 3116 manum

224 3139 355 3204 domini
370 3138 486 3222 Regis.
531 3138 577 3202 Rt
594 3138 683 3222 quod
698 3138 764 3215 dic,
780 3141 845 3203 etc.
891 3138 937 3202 Rt
952 3137 1042 3222 quod
1061 3139 1285 3206 summoniret
1299 3161 1377 3204 eum

223 3227 313 3312 quod
329 3229 418 3290 esset
433 3225 477 3290 ad
492 3225 584 3289 hunc
604 3225 705 3289 diem.
751 3225 797 3289 Et
819 3225 1002 3292 vicecomes
1025 3228 1175 3291 testatur
1192 3226 1378 3291 summoni-

223 3316 355 3378 tionem
369 3316 404 3378 et
419 3313 509 3378 diem
525 3311 703 3397 captionis.
749 3310 832 3376 Ideo
848 3311 1099 3377 consideratum
1115 3316 1169 3377 est
1191 3314 1280 3395 quod
1294 3335 1379 3398 prse-

224 3401 337 3466 dictus
352 3399 520 3463 Ricardus
535 3401 712 3483 recuperet
728 3399 886 3463 seisinam
902 3420 999 3463 suam
1009 3404 1044 3465 et
1059 3400 1082 3464 J
1083 3400 1235 3466 ohannes
1244 3401 1282 3463 in
1292 3400 1379 3466 mis'.

292 3512 411 3576 Simon
441 3509 575 3576 Giffard
605 3510 696 3595 petit
725 3531 842 3575 versus
873 3511 1084 3576 Willelmum
1117 3511 1159 3578 de
1199 3511 1381 3579 Stilrelawe

225 3621 333 3664 unum
356 3597 588 3682 messuagium
610 3601 646 3661 et
668 3597 753 3662 duas
776 3599 917 3668 bovatas
940 3602 1039 3663 terrae
1062 3619 1139 3662 cum
1161 3599 1380 3683 pertinentiis

226 3688 264 3751 in
282 3685 464 3751 Stikelawe
487 3690 527 3749 ut
552 3685 610 3770 jus
633 3706 733 3749 suum
754 3685 932 3770 perbreve
955 3685 997 3750 de
1019 3685 1056 3748 in
1119 3707 1188 3766 ssu,
1204 3685 1291 3749 etin
1306 3706 1381 3769 quoe

227 3795 297 3838 non
312 3773 417 3837 habet
432 3772 624 3858 ingressum
639 3771 707 3837 nisi
727 3792 790 3856 per
803 3770 989 3838 Ricardum
1005 3771 1047 3837 de
1058 3706 1203 3837 iiiuon’
1219 3777 1255 3838 et
1269 3774 1381 3838 Adam

217 3861 269 3926 ,de
295 3860 477 3940 Hereford‚
505 3858 626 3944 quibus
652 3859 834 3944 praedictus
859 3861 977 3923 Simon
999 3859 1061 3924 illa
1082 3859 1213 3924 dimisit
1240 3860 1284 3925 ad
1311 3863 1380 3926 ter·

227 3949 369 4027 minum,
386 3950 449 4013 etc.
495 3947 541 4011 ut
556 3946 749 4012 Willelmus
772 3947 868 4011 venit
898 3949 934 4012 et
963 3945 1159 4030 dicitquod
1184 3967 1254 4011 non
1284 3951 1382 4012 tenet

228 4034 425 4120 praedictam
445 4037 583 4113 terram,
605 4053 667 4098 nec
687 4033 803 4098 tenuit
823 4034 878 4097 die
902 4052 968 4117 quo
990 4033 1090 4100 breve
1113 4055 1213 4098 suum
1234 4033 1305 4098 fuit
1331 4035 1384 4098 in-

228 4123 412 4208 petratum,
429 4120 510 4204 quia
525 4120 610 4185 dicit
625 4121 715 4203 quod
729 4120 898 4185 Ricardus
908 4119 1084 4204 filiuseius
1096 4141 1171 4184 eam
1183 4123 1290 4186 tenet.
1335 4122 1382 4185 Et

229 4209 347 4273 Simon
372 4227 444 4271 non
464 4210 578 4292 potest
600 4208 666 4271 hoc
689 4207 852 4273 dedicere.
898 4207 982 4272 Ideo
997 4206 1191 4273 Willelmus
1211 4207 1293 4273 inde
1308 4209 1381 4274 sine

234 4296 332 4380 [die].
378 4295 425 4358 Elt
448 4295 566 4359 Simon
586 4294 624 4357 in
646 4294 723 4358 mis’
738 4315 799 4379 pro
822 4294 911 4360 falso
935 4293 1090 4359 clamore.
1137 4295 1183 4358 Et
1204 4295 1382 4379 perquirat

229 4384 294 4450 sibi
308 4403 425 4448 vorsus
440 4381 639 4467 preadictum
654 4379 840 4446 Ricardum
856 4381 886 4446 si
900 4381 1058 4462 voluerit,
1075 4385 1140 4448 etc.

230 4528 238 4562 ¹
256 4529 319 4582 run
330 4528 417 4596 might
424 4531 456 4582 be
467 4528 594 4582 ertcndsd
606 4533 633 4580 to
645 4531 798 4580 sammua
809 4543 838 4580 or
849 4532 995 4590 mamm,
1003 4543 1074 4579 more
1082 4529 1207 4594 probably
1216 4527 1261 4580 the
1268 4530 1373 4582 former.
