3278 5104
265 457 306 523 88
407 479 519 525 assur
543 479 644 541 roan,
668 479 1006 541 uonnnnnnnmnn,
1030 462 1073 526 40
1096 481 1178 526 nnn.
1201 481 1256 526 111.

266 636 437 717 ceperunt,
460 633 537 699 idco
559 633 596 698 in
622 633 708 700 mis’.
761 636 807 700 ut
830 635 874 722 xij
903 636 1070 721 juratores
1094 635 1227 700 nullum
1255 632 1411 701 fecerunt

265 720 472 786 mentionem
486 721 528 787 de
543 721 656 806 aliquo
670 723 948 804 attechiamcnto,
963 723 1039 788 ideo
1053 723 1090 787 in
1105 722 1191 789 mis'.

275 853 278 860 ’
329 858 502 924 Johannes
529 860 570 924 de
596 859 730 924 Elaund
753 860 941 927 verberavit
961 860 1170 926 Willelmnm
1188 860 1296 926 filium
1316 856 1410 924 Petri

264 945 307 1010 de
332 944 484 1031 Mangna
506 946 698 1028 Babinton’,
724 951 759 1013 ct
781 949 985 1014 verberando
1005 949 1127 1034 ipsum,
1150 947 1263 1013 tenuit
1282 968 1359 1012 eum
1374 944 1411 1008 in

265 1033 351 1097 collo
368 1055 540 1119 quousque
555 1034 739 1100 suffocatus
754 1034 824 1099 suit
838 1038 873 1103 et
888 1034 1131 1122 strangulatur.
1176 1035 1223 1099 Et
1236 1035 1259 1099 J
1260 1033 1409 1098 ohannes

265 1119 382 1183 statim
408 1120 501 1204 fugit
526 1121 570 1186 ad
594 1143 714 1206 pacem
735 1121 777 1186 de
800 1123 971 1208 Tyncmue
997 1126 1032 1186 et
1060 1121 1305 1201 medecreditur,
1334 1119 1410 1184 ideo

265 1207 419 1291 exigatur
432 1213 467 1274 et
481 1208 665 1294 utlagatur.
709 1207 841 1274 Oatsiia
862 1213 935 1294 ejus
956 1208 1051 1294 xlviij
1065 1210 1102 1290 ε’,
1118 1209 1207 1275 unde
1226 1209 1409 1274 vicecomes

264 1295 474 1379 respondeat.
520 1295 739 1361 Eadmundus
762 1295 850 1361 filius
872 1295 999 1381 Rogeri
1020 1296 1128 1381 primo
1147 1295 1277 1362 invenit
1298 1295 1410 1380 ipsum

265 1385 301 1445 ct
322 1381 418 1446 obiit.
473 1382 518 1446 Et
540 1382 658 1448 villata
679 1384 721 1449 de
742 1382 925 1449 Babinton’
950 1405 1019 1448 non
1034 1382 1124 1469 cepit
1138 1383 1259 1468 ipsum,
1283 1381 1358 1446 ideo
1373 1380 1410 1444 in

264 1467 348 1532 mis'.
399 1469 445 1533 nt
469 1469 592 1534 viilatae
606 1470 648 1535 de
669 1469 877 1551 Babinton'‚¹
901 1470 1102 1550 Soldinton',
1119 1467 1409 1554 Westvvelpinton'

265 1575 334 1618 non
363 1561 529 1623 venerunt
558 1556 655 1641 plene
685 1558 728 1622 ad
749 1557 1015 1641 inquisitionem,
1046 1558 1122 1624 ideo
1152 1557 1189 1620 in
1219 1556 1304 1621 mis'.
1363 1555 1410 1619 ut

265 1641 463 1727 Radulphus
479 1643 626 1709 Clericus
636 1645 677 1710 de
686 1644 903 1729 Babington',
916 1648 951 1710 et
961 1645 1159 1709 Edmundus
1169 1644 1260 1708 filius
1271 1641 1408 1727 Regem,

263 1729 352 1794 falso
366 1731 644 1814 appreciaverunt
657 1731 818 1815 praedicta
832 1731 965 1813 acula„
981 1732 1057 1799 ideo
1071 1733 1108 1796 in
1124 1732 1210 1796 mis’.

329 1885 457 1950 Alanus
472 1885 560 1951 filius
582 1885 759 1952 Laurentii
773 1887 963 1953 vulneravit
977 1887 1160 1952 Ricardum
1175 1885 1296 1950 Arkill’
1309 1886 1409 1970 juxta

265 1971 379 2037 villam
395 1973 436 2038 de
459 1972 632 2055 Haliden',
656 1974 748 2038 infra
769 1974 963 2041 libertatem
986 1977 1028 2041 de
1042 1974 1319 2050 ,Hextildoshcm
1363 1973 1409 2036 Et

265 2058 376 2124 dietus
412 2059 542 2126 Alanus
580 2061 697 2126 statim
733 2062 827 2147 fugit
863 2061 906 2127 ad
943 2083 1061 2147 pacem
1097 2064 1139 2127 dc
1175 2061 1347 2146 Tynemue
1373 2061 1408 2123 et

265 2146 510 2212 mcdeereditur.
567 2147 650 2214 Ideo
679 2147 836 2234 exigatur
865 2154 900 2215 et
929 2149 1114 2235 utlagatur.
1171 2147 1304 2213 Catella
1332 2146 1408 2232 ejus

265 2233 321 2318 xvj
334 2235 360 2297 ε’
385 2234 511 2319 jd'ob',
543 2235 634 2299 unde
664 2236 849 2303 vicecomes
885 2238 1099 2323 respondeat.
1165 2235 1326 2300 Nascitur
1366 2233 1408 2298 de

265 2320 440 2387 inventore
451 2342 513 2387 nec
529 2322 569 2389 de
585 2326 689 2402 secta,
705 2343 745 2388 eo
759 2323 849 2408 quod
863 2323 934 2388 fuit
948 2324 1041 2389 infra
1054 2323 1257 2390 libertatem.

329 2459 504 2526 Juratores
526 2464 734 2545 praesentant
764 2461 852 2545 quod
884 2461 1073 2529 Willelmus
1099 2463 1226 2548 Berge,
1257 2458 1408 2540 clericus,

264 2544 410 2610 Thomas
432 2547 474 2611 de
496 2548 720 2634 Brigthteley‚
744 2548 895 2628 clericus,
918 2555 954 2614 et
977 2549 1169 2616 Willelmus
1192 2549 1234 2615 de
1255 2547 1345 2612 Auia
1365 2547 1408 2614 de

265 2631 481 2715 Chollerton'‚
494 2635 696 2716 Willelmus,
713 2635 826 2722 garcio
841 2635 933 2722 ulyae
948 2637 1008 2700 filii
1023 2637 1169 2717 Thomae,
1185 2640 1220 2701 et
1234 2635 1257 2700 J
1258 2636 1407 2701 ohannes

214 2758 220 2774 ·
262 2720 303 2786 de
326 2720 433 2802 Herl',
456 2725 490 2788 et
513 2723 680 2810 Robertus
710 2722 800 2787 filius
823 2724 985 2790 Mabilliae
1015 2724 1254 2789 subtraxerunt
1280 2743 1316 2786 se
1344 2741 1406 2807 pro

265 2806 454 2892 suspicione
468 2809 649 2892 latrocinii,
666 2815 701 2876 ct
715 2811 988 2878 malcoreduntur
1001 2811 1042 2877 de
1057 2810 1210 2897 pluribus
1224 2808 1364 2876 roberiis
1374 2811 1410 2873 ct

262 2894 459 2977 latrociniis,
483 2896 557 2962 ideo
581 2898 760 2982 exigantur
786 2904 822 2963 ct
844 2898 1053 2984 utlagcntur.
1097 2896 1231 2962 Oatalla
1254 2894 1408 2982 praedicti

264 2981 426 3047 Willelmi
448 2984 490 3048 de
511 2984 600 3049 Aula
622 2985 698 3048 ii's’
714 2985 791 3050 xd'.
846 2984 979 3051 Catalla
1004 2984 1156 3071 praedicti
1177 2984 1316 3048 rhome
1341 2982 1368 3069 ij
1381 2983 1408 3046 c'

262 3069 349 3221 gd&
409 3069 543 3136 Oatalla
570 3093 638 3156 prae
665 3071 723 3137 'cti
751 3072 921 3138 Johannis
936 3074 978 3138 de
1007 3071 1103 3137 Herl'
1133 3069 1248 3156 iiijcs’
1278 3070 1407 3156 iiij01d'.

290 3155 396 3220 stalla
408 3157 562 3242 praedicti
572 3159 712 3224 Roberti
728 3158 964 3262 ffl11Mabiltiae
979 3159 1103 3246 iiij0rs',
1120 3159 1210 3260 unde
1224 3158 1408 3257 vicecomes

262 3419 489 3572 {affidafflyae
504 3419 566 3484 filii
587 3420 736 3501 Thomae,
752 3419 837 3486 obiit
851 3420 889 3486 in
910 3421 1060 3508 prisona,
1075 3441 1138 3487 nec
1160 3419 1282 3486 habuit
1296 3419 1410 3504 alique

325 3641 445 3726 Alicia,
460 3642 531 3709 filia
543 3643 650 3710 Amiae
662 3643 703 3711 de
714 3643 982 3732 Thokerington,
993 3644 1176 3731 appellavit
1187 3645 1223 3708 in
1234 3643 1408 3710 Comitatu

261 3728 448 3796 Robertnm
471 3731 513 3797 de
536 3730 647 3813 Bem’,
672 3732 865 3818 garcionem
892 3733 1086 3819 grangearii
1113 3731 1154 3799 de
1181 3732 1337 3812 Fenton',
1365 3731 1407 3796 de

260 3838 342 3902 rapo
368 3821 403 3883 et
431 3838 514 3903 pace
537 3818 666 3884 domini
692 3818 796 3905 Regis
822 3819 980 3903 infracta,
1004 3819 1055 3884 ita
1079 3819 1168 3905 quod
1193 3840 1254 3905 per
1279 3821 1407 3883 sectam

260 3903 368 4056 ipffis
396 3905 514 3971 Aliciae
542 3906 718 3992 utlagatus
747 3910 801 3974 est
836 3907 873 3971 in
910 3907 1085 3974 comitatu.
1143 3906 1248 3972 Nulla
1283 3905 1406 3971 habuit

262 4013 302 4057 ca
367 4014 397 4058 a.
1287 4009 1291 4023 ¹

325 4129 477 4215 Rogerua
500 4130 542 4195 de
563 4129 742 4196 Falufeud’
765 4135 800 4197 et
821 4131 1050 4217 Rannuiphus
1074 4131 1163 4196 filius
1187 4130 1342 4198 Waldevi
1365 4130 1407 4196 de

258 4215 513 4304 Thekerington
565 4219 761 4284 occiderunt
814 4219 1000 4286 Uctredum
1052 4218 1312 4304 Carpentarium
1365 4218 1406 4285 dc

259 4303 491 4390 Evelingham,
521 4308 556 4370 et
586 4306 703 4370 statim
735 4307 901 4392 fugerunt
937 4308 973 4374 et
1009 4306 1292 4387 malcoreduntur,
1329 4306 1406 4371 ideo

259 4391 440 4478 exigantur
463 4396 498 4460 et
523 4393 730 4479 ntlagentur.
776 4394 909 4460 Catatla
937 4393 1090 4481 predicti
1118 4393 1245 4480 Rogeri
1275 4393 1344 4478 xxij
1359 4393 1403 4474 d’,

508 4583 516 4617 ¹
533 4583 679 4652 raanan
689 4584 718 4638 in
730 4584 971 4653 nnrwnapngen
982 4586 1082 4639 arian
