3280 5112
278 533 322 596 36
430 551 544 595 assrzn
567 549 665 608 nona,
689 547 1028 607 commoraremur,
1051 527 1095 592 40
1118 546 1202 592 unu.
1226 546 1281 590 111.

344 704 465 770 Assisa
488 703 583 768 venit
603 700 822 788 recognitum
842 701 871 766 si
887 700 1082 766 Willelmus
1098 701 1140 766 de
1155 700 1321 786 Byrlawe‚
1337 703 1435 784 pater

278 792 419 858 Ricardi
430 792 472 856 de
481 791 665 876 Byrelawe,
680 789 751 854 fuit
766 789 905 854 seisitus
920 787 957 851 in
970 787 1141 854 dominico
1154 809 1215 853 suo
1226 793 1266 853 ut
1281 788 1323 852 de
1334 787 1435 853 feodo

279 881 322 945 de
336 879 442 943 tertia
455 882 555 963 parte
569 876 713 941 manerii
728 877 770 940 de
782 875 936 961 Byrlawe
952 896 1029 939 cum
1043 875 1272 960 pertinentiis,
1286 874 1435 958 exceptis

280 989 339 1034 sex
353 966 442 1031 acris
457 969 558 1030 terrae
573 985 649 1029 cum
670 962 891 1048 pertinentiis
915 962 951 1025 in
970 963 1089 1028 eodem
1105 963 1267 1042 manerio,
1285 962 1340 1025 die
1356 982 1434 1045 quo,

280 1058 345 1120 etc.
383 1052 485 1132 Etsi,
501 1055 564 1116 etc.
603 1050 714 1132 Quam
730 1050 868 1116 tertiam
882 1052 1015 1134 partem
1028 1048 1221 1113 Willelmus
1237 1050 1278 1114 de
1294 1048 1435 1112 Moneh·

280 1145 383 1207 mere¹
406 1142 514 1205 tenet.
555 1137 622 1219 Qui
641 1139 735 1203 venit
749 1158 811 1222 per
833 1140 1046 1202 attornatum
1062 1157 1172 1216 suum,
1188 1141 1224 1200 et
1246 1135 1436 1218 dicitquod

281 1228 390 1293 assisa
404 1246 474 1290 non
490 1225 592 1290 debet
610 1225 690 1289 inde
705 1224 779 1289 fieri
795 1224 876 1307 quia
899 1223 1090 1307 dicitquod
1107 1223 1289 1309 pradictus
1305 1221 1435 1286 Willel-

280 1336 356 1379 mus
373 1314 414 1378 de
431 1313 531 1397 cujus
547 1315 669 1390 morte,
686 1315 763 1391 etc„
780 1331 850 1374 non
875 1311 962 1376 obiit
982 1310 1120 1375 seisitus
1136 1311 1173 1373 in
1188 1310 1359 1376 dominico
1375 1330 1436 1374 suo

281 1404 322 1467 ut
348 1402 390 1467 de
414 1400 517 1467 feodo
544 1399 586 1463 de
600 1398 763 1483 praedicta
785 1397 890 1462 tertia
911 1401 1009 1482 parte
1032 1418 1071 1463 eo
1091 1398 1179 1481 quod
1202 1397 1358 1477 villanus,
1374 1417 1436 1462 nec

281 1488 385 1553 stiam
401 1486 467 1550 iste
482 1485 659 1565 Ricardus,
677 1486 734 1568 qui
757 1483 841 1547 tulit
857 1483 999 1550 assisam
1015 1484 1129 1564 istam,
1147 1483 1273 1569 aliquid
1291 1484 1436 1550 clamare

280 1575 396 1661 potuit
410 1574 447 1636 in
474 1573 638 1658 praedicte
662 1571 767 1636 tertia
788 1574 888 1671 parte
907 1592 947 1635 eo
971 1571 1058 1654 quod
1075 1571 1221 1636 villanus
1237 1575 1300 1636 est.
1346 1571 1437 1636 Etsi

280 1661 360 1746 quid
376 1660 463 1745 juris
489 1659 635 1725 clamare
654 1659 770 1742 potuit
785 1679 821 1720 m
837 1657 1001 1742 praedicta
1016 1658 1120 1722 tertia
1135 1662 1245 1743 parte,
1262 1659 1335 1743 ipse
1351 1657 1436 1721 illud

280 1747 412 1812 remisit
432 1750 467 1811 et
487 1747 639 1830 quietum
662 1745 822 1810 clamavit
845 1745 887 1809 de
910 1765 946 1808 se
969 1749 1004 1808 et
1026 1745 1207 1811 heredibus
1233 1745 1303 1810 suis
1326 1745 1436 1809 eidem

282 1834 455 1899 Willelmo
480 1835 516 1897 et
536 1832 719 1896 heredibus
739 1832 810 1896 suis
833 1831 870 1894 in
892 1831 986 1896 curia
1001 1831 1155 1916 ejusdem
1172 1831 1346 1898 Willelmi.
1392 1832 1438 1896 Et

282 1923 324 1986 de
339 1923 404 1985 hoc
418 1920 518 2005 ponit
533 1939 569 1984 se
588 1940 690 2002 super
712 1918 865 1982 assisam.
910 1918 1088 1984 Juratores
1110 1919 1231 1984 dicunt
1249 1919 1337 2003 quod
1353 1939 1436 2004 prer-

283 2009 397 2075 dictus
412 2006 620 2085 Willelmus,
636 2006 677 2072 de
694 2005 794 2090 cujus
809 2007 919 2069 morte
938 2005 1048 2070 assisa
1068 2007 1236 2086 arcinata,
1256 2010 1334 2086 etc,
1350 2005 1438 2070 obiit

282 2095 420 2162 saisitus
443 2093 479 2156 in
505 2091 676 2157 dominico
701 2112 773 2172 suc,
791 2095 855 2158 etc.
900 2092 948 2156 Et
968 2096 1048 2177 post
1069 2092 1265 2172 terminum,
1281 2096 1347 2158 eto.
1391 2093 1438 2157 Et

283 2182 373 2266 quod
394 2180 576 2266 pradictus
599 2179 768 2245 Ricardus
793 2178 1016 2263 propinquior
1042 2179 1141 2244 heres
1171 2182 1243 2265 ejus
1268 2183 1331 2245 est.
1391 2179 1438 2243 Et

281 2269 359 2334 ideo
384 2266 637 2333 consideratum
663 2270 717 2331 est
743 2266 833 2349 quod
861 2265 1044 2350 predictus
1070 2265 1239 2332 Ricardus
1264 2271 1439 2352 recuperet
1481 2315 1484 2322 ,

283 2355 444 2422 seisinam
460 2375 569 2434 suam,
585 2356 621 2418 ct
636 2352 832 2418 Willelmus
848 2353 885 2416 in
902 2352 989 2418 mis'.

346 2506 466 2572 Assisa
483 2507 578 2574 venit
593 2505 813 2592 recognitum
829 2506 858 2570 si
873 2505 978 2591 Hugo
991 2505 1080 2572 lilius
1092 2507 1263 2588 Nioholai‚
1280 2508 1438 2573 avunculi

281 2594 425 2662 Henriei
439 2592 504 2657 filii
522 2592 678 2672 Henrici,
700 2593 772 2657 fuit
794 2592 932 2658 saisitus
955 2593 993 2657 in
1016 2593 1197 2674 dominico,
1213 2598 1289 2675 eta,
1305 2595 1347 2660 do
1369 2615 1439 2660 uno

282 2681 475 2766 messuagio
490 2685 526 2744 et
542 2679 591 2763 xij
608 2679 697 2744 acris
713 2683 812 2744 terrae
827 2677 1138 2765 compertinentiis
1153 2681 1190 2745 in
1208 2681 1387 2748 Stikelawe
1403 2686 1439 2746 et

282 2768 433 2854 quinque
448 2766 536 2833 aeris
553 2769 653 2831 terrae
668 2787 744 2831 cum
758 2767 976 2851 pertinentiis
991 2767 1029 2831 in
1044 2767 1189 2832 Kinton'
1205 2769 1260 2834 die
1276 2789 1355 2852 quc,
1371 2773 1437 2834 etc.

282 2854 394 2933 Etsi,
422 2858 487 2919 etc.
544 2851 642 2932 Quod
667 2853 897 2938 messuagium
924 2857 960 2918 et
984 2875 1085 2938 quam
1115 2859 1241 2920 terram
1271 2855 1439 2920 Priorissa

284 2940 404 3007 Sancti
419 2939 664 3005 Bartholomaei
680 2941 721 3004 de
737 2940 834 3004 Novo
845 2939 981 3005 Castro²
992 2945 1097 3006 tenet.
1143 2941 1225 3023 Quae
1236 2941 1381 3007 renitet
1396 2943 1438 3007 de

283 3049 420 3094 messua
447 3029 478 3093 ὀ
493 3031 529 3092 et
540 3026 590 3111 xij
609 3026 695 3091 acris
713 3031 813 3091 terrae
829 3031 929 3092 vocat
941 3028 985 3092 ad
1003 3033 1211 3092 warrantum
1227 3027 1438 3094 Willelmum

284 3115 393 3180 filium
442 3113 580 3179 icholai.
626 3114 751 3179 Postea
766 3114 861 3178 venit
878 3115 1040 3199 praedicta
1059 3115 1226 3181 Priorissa
1241 3121 1276 3181 et
1290 3116 1439 3180 remittit

282 3201 454 3288 praedictis
471 3199 644 3266 Willelmo
659 3205 695 3264 et
711 3200 883 3264 Willelmo
901 3203 969 3286 (sic)
992 3203 1210 3267 warrantiam
1230 3203 1438 3288 praedictam.

284 3290 331 3354 Et
353 3287 550 3353 concordati
575 3290 657 3352 sunt
677 3307 738 3370 per
762 3286 947 3353 licentiam.
1002 3289 1049 3352 Et
1072 3293 1126 3354 est
1150 3291 1329 3355 concordia
1359 3290 1439 3355 talis

283 3375 374 3461 quod
389 3373 552 3458 predicta
567 3373 735 3438 Priorissa
754 3375 967 3459 recognoscit
980 3376 1143 3460 praedicta
1158 3377 1388 3462 messuagium
1404 3380 1440 3441 et
1509 3367 1514 3378 '

284 3468 412 3528 terram
427 3481 501 3528 csse
516 3459 573 3544 jus
590 3459 699 3544 ipsius
715 3460 858 3527 Henrici
873 3464 909 3526 et
926 3461 986 3527 illa
1001 3464 1031 3529 ei
1047 3463 1169 3527 reddit.
1216 3462 1298 3530 Ideo
1314 3465 1440 3529 hebeat

286 3548 448 3615 seisinam
464 3567 572 3627 suam,
589 3551 655 3613 etc.

350 3700 473 3782 Maria,
489 3721 563 3784 quae
582 3699 653 3764 fuit
673 3720 759 3765 uxor
773 3700 942 3767 Johannis
957 3702 1020 3767 filii
1035 3704 1222 3769 Alexandri
1237 3704 1279 3771 de
1294 3704 1439 3788 Trewyt,

283 3790 375 3876 petit
397 3808 514 3853 versus
537 3787 691 3853 Priorem
715 3788 756 3852 de
787 3788 1013 3853 Brinkeburn'
1037 3791 1083 3876 xij
1112 3811 1207 3856 acras
1233 3795 1332 3857 terrae
1362 3813 1439 3857 cum

284 3874 503 3964 pertinentiis
529 3874 567 3938 in
597 3874 767 3959 Tyrewyt⁸
789 3879 830 3939 ut
853 3875 968 3940 dotem
995 3898 1102 3957 suam,
1133 3879 1225 3942 unde
1255 3879 1439 3963 praedictus

284 3964 471 4041 Johannes,
502 3961 673 4045 quondam
702 3961 755 4026 vir
792 3961 879 4045 ejus,
910 3962 1020 4048 ipsam
1051 3965 1184 4028 dotavit
1214 3966 1257 4029 ad
1287 3966 1439 4030 hostium

285 4048 445 4202 eoelestige,
469 4047 511 4113 de
536 4067 678 4114 assensu
700 4051 736 4113 et
757 4047 936 4114 voluntate
957 4051 1114 4135 praedicti
1128 4051 1314 4117 Alexandri
1330 4053 1438 4138 patris

286 4157 385 4219 suae
426 4183 433 4199 .

320 4313 462 4368 ¹wi11ism
474 4312 506 4365 de
517 4311 687 4365 Monhermer
695 4312 755 4366 held
765 4313 836 4366 'Pun-
886 4317 996 4380 gmnted
1024 4321 1053 4369 to
1076 4317 1194 4372 Willicnr
1217 4321 1366 4387 Barsntyne
1389 4321 1440 4372 and

285 4385 335 4437 stul
344 4382 437 4502 presta
448 4383 479 4432 de
491 4380 586 4441 chs'll,
598 4395 623 4445 p.
636 4379 706 4446 886).
889 4383 977 4435 others
990 4385 1123 4449 (ihm).

317 4449 328 4482 ¹
381 4447 475 4512 Priory
490 4448 518 4498 ol
537 4445 706 4499 Benedictins
727 4462 795 4500 num
809 4447 838 4500 in
923 4446 1067 4503 'aanor
1084 4452 1113 4504 in
1133 4453 1225 4507 Bolam
1241 4451 1439 4513 Pamncsstls

284 4513 444 4580 Neroastl03
464 4516 492 4564 at
509 4511 727 4589 thsDissolution
746 4513 769 4568 it
786 4530 837 4568 uas
888 4512 980 4570 ward.
