3280 5112
279 505 318 568 12
425 523 540 568 sssrzn
564 522 663 584 sonu,
685 522 1023 582 uosrsusrssansun,
1047 502 1089 566 40
1111 521 1194 566 anu.
1217 519 1273 565 111.

341 677 509 743 Ricardus
525 676 557 744 le
572 677 764 744 Oornwales
793 678 853 742 dat
867 677 934 764 jm’
957 681 1019 763 pro
1035 674 1176 743 licentia
1199 670 1427 740 concordandi

278 787 355 828 cum
370 765 522 829 Martino
537 765 608 830 filio
623 765 814 846 Eustachii,
831 765 872 830 de
890 763 1017 851 placito
1043 763 1158 829 assisa
1184 760 1304 827 mortis
1330 763 1426 824 ante-

277 851 418 919 cessoris
449 857 484 917 et
513 852 555 917 de
584 853 711 939 phrcito
740 857 840 918 terrae
869 873 930 936 per
958 850 1110 938 plegium
1132 849 1241 935 ipsius
1270 845 1425 912 Martini.

278 939 439 1005 Habeant
455 940 714 1027 cyrographum.

342 1071 463 1134 Emma
483 1068 554 1134 filia
577 1070 721 1136 Andreae
747 1069 810 1134 filii
837 1067 982 1135 Gilberti
1006 1067 1097 1153 petit
1121 1086 1238 1132 versus
1262 1064 1427 1130 Thomam

277 1157 384 1222 filium
413 1156 610 1243 Baldewyni
641 1178 746 1221 unum
776 1157 1007 1242 messuagium
1036 1177 1113 1220 cum
1142 1153 1360 1241 pertinentiis
1390 1151 1428 1214 in

277 1244 480 1328 (lorubrig’,¹
496 1244 533 1309 in
548 1244 639 1329 quod
653 1265 722 1309 non
738 1244 842 1308 habet
857 1243 1049 1327 ingressum
1065 1241 1133 1306 nisi
1148 1262 1209 1327 per
1228 1239 1428 1326 pradictum

278 1333 450 1396 Andream
466 1332 523 1415 qui
535 1331 732 1417 praedictam
748 1331 905 1395 Emmam
921 1331 1001 1395 inde
1017 1329 1149 1415 injuste
1161 1332 1198 1394 et
1213 1329 1287 1394 sine
1298 1325 1427 1411 judicio

278 1417 464 1484 dissaisivit
490 1422 569 1505 post
592 1419 748 1503 primam,
773 1423 838 1484 etc.
883 1417 930 1482 Et
956 1419 1068 1482 dictus
1095 1416 1242 1480 Thomas
1268 1415 1363 1480 venit
1393 1417 1429 1480 et

279 1505 473 1571 concordati
490 1510 581 1571 sunt.
632 1506 678 1569 Et
700 1505 847 1569 Thomas
871 1504 932 1569 dat
953 1503 1130 1569 dimidiam
1139 1503 1183 1566 m'
1203 1523 1265 1589 pro
1288 1501 1429 1567 licentia

278 1592 529 1660 concordandi..
559 1593 606 1656 Et
621 1597 675 1657 est
690 1591 964 1692 coneordiatalis
980 1591 1070 1676 quod
1084 1590 1266 1692 praedictus
1281 1589 1428 1654 Thomas

277 1677 1429 1848 {trid{ltradiit.domicillttt‘ttttdt”tt

213 1931 216 1940 ,
277 1876 314 1920 se
329 1858 364 1920 et
380 1854 561 1919 heredibus
578 1855 648 1920 suis
662 1853 832 1940 proedictae
843 1854 971 1918 Emmae
983 1861 1018 1919 et
1033 1851 1212 1918 heredibus
1229 1852 1299 1916 suis
1314 1855 1429 1918 totum

277 1943 335 2029 jus
351 1946 387 2006 et
396 1942 573 2022 clameum,
584 1945 649 2006 etc.

342 2071 518 2137 Johannes
549 2071 640 2136 filius
669 2070 829 2156 Hugonis
856 2071 898 2135 de
935 2069 1111 2135 Cornhull’
1152 2069 1214 2134 dat
1252 2069 1430 2134 dimidiam

278 2180 428 2224 maroam
444 2180 505 2245 pro
521 2156 660 2223 licentia
676 2157 904 2224 concordandi
920 2178 997 2223 eum
1020 2157 1193 2242 Stephano
1209 2155 1241 2222 le
1256 2156 1380 2224 Favere
1391 2159 1431 2258 'et

280 2245 454 2312 Gristiana
470 2267 574 2311 uxore
589 2247 673 2330 ejus,
690 2246 731 2311 de
758 2244 885 2331 placito
912 2244 1026 2311 assisa
1049 2244 1169 2310 mortis
1193 2247 1429 2324 antecessorrs,

183 2337 187 2344 '
277 2355 338 2419 per
352 2332 502 2418 plegium
518 2333 626 2418 ipsius
643 2333 820 2418 Stephani.
865 2331 1028 2400 Habeant
1042 2332 1302 2418 cyrographum.

342 2461 461 2527 Assisa
475 2462 570 2527 veuit
596 2462 814 2548 recognitura
841 2463 869 2527 si
893 2461 1059 2527 Ricardus
1090 2461 1131 2526 de
1157 2459 1281 2547 Rybef,
1308 2460 1430 2525 Emma

279 2570 364 2614 uxor
393 2550 476 2634 ejus,
507 2552 543 2614 et
573 2549 738 2615 Ricardus
768 2549 799 2614 le
830 2548 974 2614 Provost
1003 2547 1133 2634 injuste
1164 2553 1199 2613 et
1214 2549 1286 2613 sine
1298 2549 1428 2634 judicio

280 2635 546 2722 disseysiveruut
559 2636 745 2703 Ricardum
760 2637 801 2702 de
817 2634 1009 2703 Keneboll’2
1023 2637 1064 2701 de
1079 2656 1258 2702 communa
1279 2639 1428 2723 pasturae

280 2745 349 2788 suae
363 2723 401 2787 in
417 2723 607 2804 Keueboll’,
620 2747 693 2808 quse
708 2724 859 2808 pertinet
871 2725 914 2789 ad
928 2723 1071 2790 liberum
1082 2727 1316 2790 tenementum
1328 2745 1427 2788 suum

278 2811 314 2874 iu
342 2810 460 2876 eadem
482 2810 573 2892 villa,
597 2815 675 2896 post
697 2811 853 2896 primam,
871 2815 936 2877 etc.
981 2812 1027 2876 Et
1048 2811 1139 2878 unde
1162 2810 1315 2896 queritur
1337 2811 1427 2896 quod

279 2898 545 2985 disseysiverunt
568 2919 646 2963 eum
672 2899 714 2964 de
745 2919 925 2964 communa
953 2903 1100 2984 pastura
1127 2921 1194 2965 sure
1218 2899 1256 2963 in
1282 2899 1427 2983 quadam

279 2987 414 3051 cultura
437 3008 510 3070 quse
533 2987 686 3052 continet
701 2986 836 3052 circiter
851 2987 1033 3072 sexaginta
1048 3008 1143 3052 acras
1153 2991 1264 3069 terrae,
1280 2986 1339 3052 ubi
1354 2985 1426 3072 ipse

279 3095 410 3158 semper
432 3073 681 3140 communicare
704 3073 834 3140 solebat
855 3079 934 3159 post
949 3073 1049 3139 blada
1063 3078 1241 3160 asportata
1255 3095 1428 3160 quousque

279 3161 406 3225 iterato
429 3160 598 3227 seminata
609 3161 727 3243 luerit,
744 3164 808 3228 etc.
853 3161 900 3226 Et
914 3161 1083 3226 Ricardus
1099 3167 1134 3229 et
1148 3162 1270 3226 Emma
1284 3163 1428 3229 veniunt

279 3252 315 3313 et
339 3247 445 3312 nichil
470 3247 589 3315 dicunt
615 3269 717 3332 quare
741 3249 851 3314 assisa
876 3249 1311 3330 remaneat,nisitantuu1
1339 3249 1428 3334 quod

280 3335 417 3420 quidam
429 3335 622 3400 Willelmus
633 3331 838 3416 Keneboll'‚'
853 3339 951 3422 pater
961 3336 1115 3421 praedicti
1130 3335 1279 3418 Ricardi,
1293 3337 1429 3421 quando

279 3423 352 3507 ipse
364 3423 478 3488 tenuit
492 3422 690 3507 praedictam
705 3423 885 3504 culturam,
902 3421 976 3509 ipsa
996 3423 1067 3488 fuit
1082 3428 1165 3489 tunc
1180 3429 1306 3489 vestita
1318 3426 1428 3505 bosco,

279 3514 315 3574 et
335 3510 406 3574 fuit
429 3511 561 3589 boscus,
577 3510 628 3574 ita
644 3510 734 3595 quod
748 3511 821 3595 ipse
836 3510 991 3576 vendidit
1013 3512 1152 3578 boscum
1174 3511 1272 3576 illum
1294 3512 1430 3577 cuidam

279 3596 430 3662 Roberto
446 3597 486 3662 de
503 3597 684 3683 Wycestr'‚
701 3598 759 3682 qui
782 3599 920 3664 boscum
939 3598 1034 3662 illum
1052 3600 1166 3664 tenuit
1180 3603 1256 3664 tota
1270 3599 1343 3664 vita
1358 3621 1430 3680 sua,

280 3683 406 3767 absque
418 3685 483 3749 hoc
495 3685 585 3769 quod
600 3685 782 3769 praedictus
797 3685 966 3750 Ricardus
979 3686 1030 3751 vel
1045 3686 1227 3771 pradictus
1238 3687 1430 3752 Willelmus

278 3775 377 3856 pater
404 3771 476 3856 ejus
506 3772 657 3856 aliquam
687 3793 903 3838 communam
931 3772 966 3836 in
995 3793 1035 3838 eo
1061 3773 1193 3838 habuit.
1240 3774 1286 3838 nt
1312 3779 1431 3860 postea

280 3858 417 3942 quidam
432 3859 588 3944 Rogerus
604 3861 646 3925 de
663 3859 831 3946 Wycestr'
848 3859 938 3924 tilius
953 3861 1108 3945 praedicti
1122 3861 1291 3942 Roberti‚⁴
1306 3863 1431 3946 absque

279 3946 343 4010 hoc
367 3946 458 4030 quod
481 3947 554 4030 ipsc
579 3946 727 4031 aliquam
754 3967 967 4013 communam
984 3949 1021 4012 in
1041 3969 1081 4014 eo
1102 3947 1235 4028 habuit,
1259 3970 1432 4035 quousque

278 4033 351 4117 ipse
385 4034 465 4097 inde
495 4033 627 4099 dotavit
656 4036 854 4119 praedictam
891 4035 1047 4100 Emmam
1085 4037 1257 4120 quondam
1293 4058 1432 4102 uxorem

280 4120 434 4204 praedicti
448 4121 601 4188 Roberti.
647 4121 693 4206 Et
707 4122 967 4208 ipseRicardus‚
984 4123 1105 4190 Emma
1118 4144 1224 4209 usque
1240 4145 1330 4188 nunc
1349 4125 1432 4209 (ric).

316 4301 493 4367 ¹Corbridge.
917 4301 1057 4356 ³Andrew
1102 4321 1147 4358 son
1188 4306 1217 4358 of
1252 4307 1369 4358 william
1402 4308 1434 4359 de

314 4366 833 4434 ²RicharddsKenebellheldamoisty
884 4370 1010 4423 Kanebcll
1055 4370 1197 4440 (saraa
1225 4391 1238 4424 s
1271 4377 1331 4428 Ros.
1365 4371 1434 4436 Fra,

281 4436 309 4487 of
328 4435 452 4488 Kenebell
471 4437 498 4487 of
516 4436 561 4488 the
578 4435 681 4504 Barony
693 4437 720 4488 ol
736 4435 832 4489 Bolbcc
883 4437 912 4490 ii.
926 4437 998 4505 435).

283 4503 372 4570 (Terta
384 4507 414 4556 de
426 4505 521 4565 Nevill,
533 4519 557 4569 p.
570 4501 642 4569 382).
918 4503 928 4534 ⁴
946 4504 1044 4572 supply
1056 4511 1135 4559 tenus
1146 4524 1206 4561 aaa.
