3264 5110
382 545 496 590 assrzn
519 545 617 606 aona,
641 546 975 608 noarnunnaamnn,
1001 531 1130 595 7111.
1155 551 1178 594 1.
1289 529 1352 594 313

200 702 235 764 et
258 699 506 782 malecreditnr,
532 700 609 765 ideo
635 699 794 785 exigatur
815 704 851 766 et
875 699 1060 787 utlagatur.
1118 701 1252 769 Catella
1275 694 1351 791 ojus

201 787 304 851 nulla.
340 789 385 852 nt
400 787 525 853 villatae
540 788 581 852 (11
595 788 811 868 Pressefen',¹
828 788 1023 870 Levermue,
1037 793 1072 854 et
1087 790 1267 857 Murdrum
1279 793 1348 877 (cio)

201 895 271 940 non
286 875 443 942 fecerunt
458 879 584 942 sectam
598 879 676 960 post
691 875 814 960 ipsum,
831 874 908 941 ideo
923 875 960 941 in
975 877 1063 942 mis'.

267 1043 459 1109 Willelmus
489 1043 701 1130 Hoggehird,
733 1045 837 1132 Hugo
866 1046 991 1111 Knith’
1023 1047 1064 1112 (11
1093 1048 1285 1129 Pressefen,
1316 1054 1351 1114 11

203 1131 397 1216 Stephanus
413 1131 503 1196 filius
525 1132 545 1196 J
548 1133 644 1197 acobi
660 1132 904 1198 subtraxerunt
921 1155 956 1199 se
972 1136 1008 1198 et
1023 1134 1295 1202 malcoreduntur
1310 1137 1351 1202 de

201 1218 354 1305 pluribus
379 1218 581 1300 latrociniis,
597 1218 674 1284 ideo
697 1220 880 1304 exigantur
906 1225 941 1287 et
964 1221 1173 1306 utlagentur.
1219 1223 1352 1288 Catulla

202 1307 353 1390 praedicti
369 1303 532 1371 Willelmi
547 1307 570 1392 ij
584 1307 621 1370 s'.
668 1306 803 1373 (latalla
817 1308 971 1392 praedicti
986 1309 1151 1393 Stephani
1167 1310 1215 1395 xij
1226 1311 1251 1374 s’
1268 1311 1293 1396 ij
1305 1311 1349 1376 d'.

202 1393 249 1457 111
271 1393 350 1478 quia
370 1393 460 1458 idem
485 1393 677 1478 Stephanus
704 1415 774 1458 non
797 1394 1035 1460 malecrcditur
1061 1396 1130 1461 nisi
1155 1400 1292 1462 tantum
1308 1398 1350 1464 de

201 1485 348 1564 quatuor
370 1479 507 1566 gallinis
529 1481 665 1562 innatis,
689 1481 765 1548 ideo
785 1483 903 1547 redeat
925 1483 954 1548 si
975 1481 1130 1548 voluerit.
1176 1485 1223 1548 nt
1244 1485 1352 1551 nichil

202 1568 243 1632 de
258 1567 429 1653 utlagaria
443 1588 558 1633 versus
573 1569 772 1653 pradictum
789 1569 1011 1655 Stephanum.

268 1730 507 1796 Mulelactores
536 1730 672 1816 ingnoti
700 1733 932 1817 burgarorunt
967 1733 1104 1796 domum
1131 1732 1267 1799 Thomas
1289 1734 1351 1799 filii

202 1817 361 1898 Galfridi,
377 1827 412 1882 ct
429 1819 517 1882 bona
541 1840 604 1883 sua
624 1823 892 1904 asportaverunt.
939 1819 1098 1884 Nascitur
1122 1841 1188 1905 quo
1209 1822 1351 1888 devene-

109 1982 111 1989 .
203 1908 295 1970 runt.
340 1906 387 1969 Et
410 1905 535 1970 villatae
561 1906 602 1972 de
631 1906 802 1972 Μ1111112
832 1913 867 1971 11
897 1905 1068 1971 Ρ1111111’
1096 1928 1165 1972 non
1195 1908 1352 1974 fecerunt

202 1996 330 2059 sectam
344 1996 423 2077 post
438 1993 562 2077 ipsum,
578 1992 654 2058 ideo
670 1993 707 2057 in
723 1994 809 2058 mis'.

267 2148 340 2212 Eva
354 2146 396 2213 (11
411 2143 541 2210 Faulan
556 2150 592 2213 et
610 2148 712 2231 Hugo
735 2147 852 2211 Tukur
878 2147 1120 2212 subtraxerunt
1147 2170 1181 2215 se
1197 2152 1232 2213 et
1247 2151 1350 2216 male-

203 2233 388 2300 creduntur
403 2234 444 2299 (11
459 2234 612 2318 pluribus
636 2234 836 2312 latrociniis,
852 2234 929 2299 ideo
945 2235 1126 2319 exigantur
1141 2240 1176 2300 et
1191 2237 1349 2322 utlagen-

201 2321 282 2387 tur.³
346 2321 479 2386 Catulla
515 2321 685 2405 praedictae
717 2321 795 2388 Evae
825 2321 877 2407 iiij
895 2322 927 2384 d'
957 2322 1015 2402 ob',
1047 2323 1136 2387 unde
1167 2323 1351 2392 vicecomes

201 2409 413 2560 respongeat.
447 2407 580 2474 Gatalla
597 2408 754 2494 Hugonis
770 2409 823 2494 xvj
837 2409 870 2471 rt'
887 2408 946 2488 ob',
958 2409 1048 2474 unde
1063 2408 1154 2474 idem
1168 2410 1353 2480 vicecomes

201 2517 324 2581 respon
349 2498 416 2560 eat.

267 2648 437 2715 Patricius
452 2649 493 2714 (11
516 2647 688 2714 Paleston'
704 2651 740 2713 et
763 2646 874 2712 Adam
897 2648 987 2714 filius
1013 2649 1163 2736 Philippi
1178 2650 1220 2716 dc
1235 2654 1351 2719 eadem

201 2736 399 2802 occiderunt
423 2735 630 2803 Willelmum
656 2736 697 2800 (11
721 2735 922 2801 Berthalwe.
967 2737 1014 2801 111
1039 2737 1208 2804 Patricius
1232 2741 1349 2805 statim

201 2824 296 2910 fugit
329 2828 364 2891 et
388 2828 508 2908 postea
534 2825 654 2908 captus
680 2822 809 2888 111111
834 2822 1065 2907 inprisonatus
1096 2826 1186 2910 apud
1216 2827 1349 2892 Nouum

202 2909 391 2976 Castrum·
418 2911 464 2974 Et
479 2915 598 2995 postea
621 2931 734 2975 coram
760 2911 781 2974 J
784 2909 966 2976 usticiariis
990 2911 1035 2975 ad
1060 2912 1209 2996 gaiolum
1224 2915 1350 2981 delibe-

201 2999 355 3080 randum,
381 2999 511 3064 dictum
530 2998 600 3062 fuit
619 3000 655 3062 et
678 2997 803 3062 ibidem
823 2997 922 3077 dixit,
947 2999 1037 3082 quod
1060 2999 1199 3066 clericus
1221 3005 1295 3067 erat
1316 3008 1351 3070 et

203 3086 351 3151 traditus
378 3090 452 3152 erat
472 3084 655 3165 ordinario,
679 3083 823 3164 scilicet,
843 3084 1010 3170 Episcopo
1037 3085 1260 3154 Dunelmensi
1289 3112 1350 3175 pro

202 3172 373 3258 culpabili.
422 3174 469 3237 Et
482 3171 594 3238 Adam
609 3172 703 3257 fugit
718 3176 752 3236 et
774 3170 1021 3253 malcoreditur,
1038 3173 1113 3240 ideo
1137 3177 1295 3261 exigatur
1316 3183 1351 3243 11

202 3260 386 3347 utlagatur.
433 3258 538 3324 Nulla
552 3260 746 3326 habuerunt
762 3258 895 3324 catalla.

267 3406 432 3472 Ricardus
449 3405 548 3471 Palet
563 3405 605 3470 (11
622 3407 746 3472 Socton
769 3405 894 3470 occidit
909 3407 929 3470 J
932 3407 1102 3473 ohannem
1117 3409 1158 3474 (11
1179 3410 1351 3498 Beringge

200 3494 238 3558 in
256 3495 374 3560 eadem
396 3492 476 3558 villa
490 3497 525 3559 et
541 3493 659 3558 statim
673 3493 767 3578 fugit
782 3497 818 3558 et
831 3493 1080 3574 malecreditur,
1095 3495 1172 3561 ideo
1194 3499 1352 3584 exigatur

202 3586 237 3646 et
251 3581 434 3666 utlagatur.
481 3580 613 3645 Catulla
628 3583 700 3666 ejus
716 3580 821 3646 nulla.
866 3582 912 3647 111
927 3581 1115 3648 Willelmus
1132 3584 1173 3648 dc
1188 3585 1222 3650 la
1236 3586 1350 3669 Barre,

201 3675 390 3749 coronator,
405 3689 476 3734 non
491 3669 667 3753 respondit
682 3668 724 3734 de
739 3669 807 3733 ista
821 3667 964 3753 loquela,
982 3669 1058 3735 ideo
1073 3671 1110 3734 in
1126 3671 1212 3737 mis’.

266 3818 318 3920 Ile
333 3818 451 3969 aprilem
464 3816 660 3883 ucecomite
684 3816 725 3884 de
748 3816 880 3883 catallis
896 3817 1074 3884 Michaelis
1090 3819 1131 3885 de
1148 3821 1261 3907 Lyth',
1278 3845 1350 3888 sus·

200 3927 308 3992 penu,
326 3928 370 3992 κῃ
421 3953 429 3970 .

269 4067 437 4133 Henricus
455 4065 486 4132 le
508 4064 609 4148 Lung
629 4063 671 4127 (11
692 4061 846 4144 Kilhum,
874 4064 1028 4150 Rogerus
1052 4066 1084 4131 le
1109 4067 1252 4132 Berthcr
1272 4071 1350 4135 sub·
1396 4041 1398 4043 Ι

200 4158 380 4222 traxerunt
403 4175 438 4219 se
460 4156 496 4217 et
518 4151 792 4218 malcoreduntur
815 4151 856 4217 de
881 4152 1035 4236 pluribus
1061 4153 1260 4236 latrociniis,
1276 4156 1356 4224 ideo,

203 4245 384 4329 erigantur
399 4245 434 4308 et
449 4239 659 4325 utlagentur.
706 4237 841 4304 Catulla
855 4240 959 4305 nulla.

235 4421 380 4486 ι1111111,
408 4419 576 4482 Ioearmouth,
601 4419 653 4471 and
679 4417 751 4470 Min·
835 4417 956 4472 lllither
974 4419 1030 4472 Eva
1048 4422 1189 4474 musthere
1201 4423 1232 4474 be
1245 4425 1352 4479 aman's

201 4491 287 4542 dmm.
801 4500 876 4539 name
898 4502 927 4539 or
948 4487 1022 4539 there
1051 4488 1074 4540 is
1100 4503 1116 4539 a
1141 4489 1259 4554 misuka,
1282 4507 1309 4546 aa
1336 4509 1353 4545 a

232 4554 601 4622 ’Moueylausaudl’uston
801 4554 1076 4619 womanwaswaived,
1088 4559 1134 4607 not
1145 4556 1278 4609 11111111.
