3280 5112
236 488 278 552 26
387 507 502 552 isarna
525 508 623 568 aona,
648 507 988 567 noarnanaranann,
1010 488 1054 551 40
1076 507 1159 552 aaa.
1184 508 1237 552 111.

236 662 272 725 et
301 659 350 725 ibi
379 661 505 724 habeat
534 659 733 744 pmdiotmn
761 659 928 726 heredem.
987 660 1034 725 at
1070 660 1111 726 de
1148 659 1253 726 tertia
1293 663 1391 746 parte

236 747 389 830 pradicti
404 746 537 810 dimidii
553 750 719 812 carucata
733 750 833 812 terrae
848 748 884 810 in
899 745 1054 824 Oliston',
1070 751 1105 812 et
1117 746 1159 811 de
1173 747 1278 812 tertia
1293 751 1390 832 parte

236 834 339 898 unius
362 835 492 898 bovata
514 838 612 898 terrae
628 855 705 898 aum
720 833 940 917 pertinentiis
961 834 998 896 in
1013 833 1216 915 Oaldewell',
1232 838 1332 900 vocat
1346 833 1391 898 ad

238 924 445 984 warrantum
461 920 612 984 Priorem
628 920 671 984 de
686 919 933 1000 Extildesham,
948 921 1007 1004 qui
1022 941 1168 1005 praesens
1190 926 1244 985 est
1266 925 1301 985 et
1319 922 1388 1003 (aie)

236 1029 297 1091 per
312 1011 524 1072 attornatum
540 1028 639 1070 suum
649 1012 683 1072 et
693 1007 724 1070 ei
735 1006 963 1086 warrantizat,
976 1011 1011 1071 et
1019 1012 1118 1072 vocat
1130 1008 1174 1072 ad
1183 1012 1391 1072 warrantum

237 1093 436 1178 pradictum
448 1093 616 1172 heredem,
629 1093 687 1177 qui
699 1097 752 1158 est
765 1095 802 1157 in
818 1093 974 1158 custodia
986 1093 1139 1178 ejusdem
1152 1096 1172 1158 J
1174 1094 1319 1160 ohannis
1330 1115 1391 1178 per

238 1185 368 1245 cartam
383 1180 537 1264 praedicti
553 1179 699 1245 Gilberti
714 1201 816 1264 quam
830 1180 963 1264 profert
977 1180 1019 1244 de
1039 1179 1262 1248 faofamento.
1308 1180 1390 1246 Ideo

238 1267 488 1332 summoniatur
500 1266 682 1351 praediatus
699 1271 813 1331 eustos
829 1267 918 1350 quod
934 1266 980 1332 sit
995 1268 1039 1331 ad
1053 1267 1251 1352 pradictum
1274 1265 1390 1333 termi-

237 1376 321 1418 num
335 1359 372 1418 et
386 1353 435 1419 ibi
450 1354 575 1418 habeat
589 1353 790 1438 praedictum
804 1353 973 1436 heredem,
989 1359 1053 1419 ete.

302 1483 421 1547 Assisa
449 1483 544 1546 venit
573 1482 790 1567 recognitum
820 1482 849 1547 si
879 1483 1072 1548 Bernardus
1106 1483 1196 1548 filius
1233 1483 1390 1562 Wniteri,

238 1569 436 1634 awuneulua
445 1568 563 1633 Alieiae
575 1571 690 1633 uxoris
701 1569 724 1634 J
725 1569 870 1634 ohannis
886 1569 949 1633 filii
960 1569 1109 1652 Ricardi,
1122 1571 1192 1634 fuit
1203 1570 1341 1634 eeisitus
1352 1570 1390 1633 in

239 1656 407 1721 dominico
423 1677 494 1736 sua,
511 1660 587 1734 eta,
603 1656 645 1721 de
660 1657 791 1720 duabus
807 1656 893 1720 acris
908 1659 1007 1721 terra
1022 1677 1099 1721 eum
1113 1656 1331 1740 pertinentiis
1353 1657 1391 1720 in

238 1743 414 1808 Gesemue¹
432 1742 578 1826 dieque,
595 1747 659 1808 etc.
705 1743 806 1824 Etsi,
824 1747 888 1807 eta.
934 1743 1045 1824 Quam
1068 1747 1195 1808 terram
1214 1744 1238 1809 J
1240 1743 1391 1810 ohannes

238 1829 328 1893 filius
341 1829 487 1896 Walteri
502 1829 543 1893 de
559 1829 723 1895 Botehale
739 1833 845 1910 tenet,
863 1829 921 1913 qui
937 1830 1031 1894 venit
1050 1833 1086 1896 et
1103 1830 1188 1894 diait
1210 1831 1300 1914 quod
1322 1850 1391 1894 non

237 1920 335 1982 tanet
357 1917 552 2000 praedictam
577 1921 702 1982 terram
724 1936 786 1981 nee
808 1915 923 1981 tenuit
942 1915 996 1983 die
1012 1938 1078 2001 quo
1092 1916 1192 1984 breve
1208 1938 1307 1981 suum
1321 1916 1392 1980 fuit

238 2001 459 2086 inpetratum,
484 2002 587 2066 immo
601 2002 712 2067 Aliaia
735 2007 844 2066 mater
868 2004 939 2088 ejus
963 2005 1069 2083 tenet,
1096 2006 1131 2067 et
1153 2003 1243 2088 qnod
1267 2003 1318 2067 ita
1345 2003 1392 2066 sit

238 2089 338 2174 ponit
354 2110 389 2154 se
405 2110 506 2174 super
520 2090 673 2169 assisam,
686 2091 750 2154 eta.
788 2090 834 2152 Et
846 2090 1016 2173 juratores
1029 2110 1130 2174 super
1141 2093 1391 2156 sacramentum

239 2198 339 2240 suum
362 2176 541 2264 haalidem
564 2179 750 2241 testantur.
795 2175 878 2240 Ideo
903 2176 1084 2260 praedietns
1111 2177 1284 2241 Johannes
1310 2176 1391 2241 inde

239 2263 313 2326 sine
337 2262 392 2327 die
415 2267 449 2328 et
471 2263 584 2327 Aiinia
606 2262 643 2325 in
665 2263 741 2326 mis'
761 2283 823 2346 pro
844 2261 934 2327 falso
954 2263 1108 2328 elamore.
1154 2265 1201 2326 Et
1215 2263 1391 2348 perquirat

239 2349 304 2413 sibi
319 2370 380 2433 per
394 2348 486 2413 alind
501 2350 602 2415 breve
617 2349 646 2413 si
661 2348 818 2429 voluerit,
834 2353 899 2414 ete.

303 2476 385 2556 Eva,
398 2497 471 2560 qnae
486 2476 555 2540 fuit
571 2498 656 2540 uxor
667 2476 810 2541 Patricii
825 2476 959 2560 Dring’,
972 2475 1061 2560 petit
1073 2497 1189 2542 versus
1202 2479 1388 2545 Henriaum
1424 2543 1431 2554 ,

238 2563 347 2628 filium
372 2562 530 2627 Patrieii2
558 2562 699 2627 tertiam
728 2567 861 2648 partem
891 2563 989 2648 xxiiij
1028 2584 1184 2628 acrarum
1220 2569 1319 2631 terrae
1356 2572 1391 2632 et

237 2652 385 2735 quatuor
399 2670 554 2714 aerarum
565 2650 657 2734 prati
668 2671 745 2713 eum
756 2649 975 2735 pertinentiis
989 2651 1025 2712 in
1037 2650 1216 2736 Hethpol,⁸
1229 2655 1264 2716 et
1275 2675 1391 2718 versus

238 2737 402 2802 Thomam
426 2736 535 2800 filium
559 2735 698 2801 Patricii
720 2737 860 2801 tertiam
882 2741 1014 2820 partem
1038 2736 1214 2803 duodecim
1236 2759 1390 2804 acrarum

238 2826 387 2890 terrast
404 2823 506 2887 unius
522 2843 607 2887 aerae
621 2822 713 2906 prati
728 2843 805 2888 aum
820 2822 1040 2906 pertinentiis
1060 2823 1097 2886 in
1117 2823 1235 2889 eadem
1250 2824 1341 2906 villa,
1357 2830 1392 2893 et

238 2931 354 2975 versus
389 2909 582 2975 Johannem
619 2907 726 2973 filiam
764 2907 933 2974 Johannia
970 2909 1012 2973 de
1042 2909 1223 2975 Midelten'
1252 2913 1390 2977 tertiam

237 3001 371 3082 partem
383 3017 443 3061 sex
454 3016 606 3062 aerarum
618 2998 716 3061 terrae
726 2999 762 3060 et
773 2995 875 3060 unius
885 3017 970 3060 aerae
980 2996 1073 3080 prati
1085 3017 1160 3060 aum
1172 2998 1391 3081 pertinentiis

239 3084 275 3146 in
291 3084 408 3149 eadem
424 3082 515 3162 villa,
531 3087 572 3146 at
587 3083 701 3146 dotem
717 3104 824 3162 suam,
840 3085 917 3161 ete,
933 3081 1107 3166 perbreve
1122 3082 1165 3147 de
1179 3088 1283 3164 recta,
1300 3090 1364 3150 eta.

304 3171 351 3233 Et
370 3169 542 3234 Henriaus
565 3174 601 3233 et
623 3168 683 3232 alii
698 3169 851 3234 veniunt.
896 3168 943 3232 Et
965 3169 1136 3234 Henriaus
1160 3173 1195 3233 et
1217 3170 1392 3237 Johannes

239 3257 281 3320 de
305 3255 418 3322 tertiis
442 3256 598 3340 partibus
624 3277 741 3321 versus
764 3277 820 3321 eos
844 3254 963 3338 petitis
986 3260 1110 3319 vocant
1125 3256 1169 3319 ad
1184 3261 1390 3322 warrantum

238 3342 437 3426 pradictum
451 3342 617 3406 Thomam
634 3341 740 3405 filium
756 3341 900 3406 Patricii
915 3341 974 3425 qui
988 3359 1135 3425 praesens
1151 3345 1204 3408 est
1219 3348 1255 3408 et
1271 3345 1302 3408 ei
1321 3347 1389 3428 (aie)

241 3428 470 3508 warrantizat,
483 3432 518 3492 et
533 3432 606 3493 tam
621 3429 662 3494 de
677 3431 771 3494 terra
785 3433 820 3493 et
835 3431 934 3512 prato
946 3449 1019 3512 quae
1034 3429 1107 3512 ipse
1122 3432 1218 3495 tenet
1233 3451 1334 3513 quam
1350 3432 1392 3496 de

239 3515 444 3579 tenementis
461 3536 534 3598 quae
560 3515 780 3580 warrantizat
801 3515 974 3600 praedictis
999 3514 1148 3580 Hernico
1170 3521 1206 3580 et
1227 3516 1391 3598 Johanni,

238 3601 411 3665 reddendo
441 3601 550 3666 eidem
575 3603 655 3666 Evae
680 3602 819 3666 tertiam
845 3606 976 3686 partem
999 3601 1036 3664 in
1063 3602 1154 3666 dote.
1208 3602 1290 3668 Ideo
1314 3626 1393 3669 aon-

240 3688 426 3752 sideratum
442 3688 601 3771 estquod
615 3687 796 3772 praediatus
817 3688 839 3751 J
841 3689 992 3752 ohannes
1008 3689 1043 3750 et
1057 3687 1228 3754 Henrieua
1250 3694 1392 3756 teneant

239 3773 274 3836 in
291 3793 384 3858 paee,
398 3776 433 3837 et
448 3773 519 3837 Eva
534 3774 662 3838 habeat
674 3773 715 3838 de
726 3776 819 3838 terra
829 3774 981 3859 praedicti
991 3773 1129 3838 Thomae
1141 3775 1184 3840 ad
1196 3776 1391 3858 valentiam,

240 3865 304 3924 eta.
348 3861 395 3922 Et
419 3860 567 3924 Thomas
591 3859 628 3923 in
653 3859 729 3924 mis'
754 3859 833 3944 quia
855 3861 949 3944 prius
971 3881 1040 3926 non
1061 3861 1223 3942 reddidit,
1239 3867 1317 3943 eta,
1333 3886 1393 3950 per

239 3947 391 4032 plegium
406 3945 571 4013 Willelmi
587 3946 650 4010 filii
665 3946 819 4012 Patrieii.

305 4065 506 4150 Radulphus
531 4067 676 4132 Ereman
697 4066 787 4152 petit
805 4088 921 4133 versus
941 4066 1113 4151 Rogerum
1132 4069 1173 4132 de
1192 4069 1394 4136 Tokesden'⁴

272 4213 281 4245 ¹
299 4211 424 4264 Jesmond
440 4211 469 4262 in
486 4211 524 4265 St.
541 4212 675 4264 Andrew's
688 4211 789 4276 Parish,
873 4209 884 4242 ⁸
900 4211 1048 4276 Heathpool
1060 4212 1087 4263 in
1100 4213 1273 4268 Kirknewton
1285 4217 1384 4272 Parish.

238 4277 423 4331 CaetleWard.
873 4277 883 4308 ⁴
901 4278 989 4343 Beger
1005 4279 1036 4330 de
1054 4279 1200 4345 'Poggisden
1219 4281 1278 4334 held
1298 4287 1325 4335 of
1348 4287 1393 4338 the

272 4343 283 4375 ²
300 4344 386 4409 Balph
396 4343 448 4395 and
456 4342 562 4395 Patriek
570 4343 630 4395 hold
639 4345 684 4396 the
692 4343 790 4411 moiety
840 4344 945 4408 Barony
955 4345 983 4394 oi
994 4343 1088 4410 Roget,
1100 4362 1146 4396 son
1158 4347 1185 4398 oi
1200 4347 1287 4414 Ralph
1306 4352 1393 4413 (Testa

183 4441 188 4449 ·
239 4413 266 4464 of
289 4411 386 4476 Hetpol
402 4410 443 4461 ior
461 4413 497 4462 Sa
518 4409 545 4462 ot
569 4410 614 4462 the
640 4411 745 4476 Barony
762 4411 790 4463 ai
839 4410 976 4475 &Nevilt
988 4426 1013 4477 p.
1026 4409 1109 4477 884⁶).

240 4477 394 4544 Musahamp
408 4477 496 4540 (Puta
506 4477 538 4530 de
548 4477 643 4542 Noatll,
654 4493 679 4543 p.
691 4479 761 4540 888).
