3280 5112
253 547 294 609 20
404 563 518 608 sss1zn
542 562 641 622 aona,
664 559 1003 620 soaraunsnamru),
1026 542 1069 605 40
1092 561 1173 606 aar.
1198 561 1251 606 111.

318 717 491 785 Gilbertus
503 716 681 800 Pyteman,
692 714 750 798 qui
761 713 844 780 tulit
855 713 953 780 breve
964 734 1080 779 versus
1091 714 1286 780 Johannem
1298 714 1406 779 filium

254 805 402 869 Simonis
437 803 478 868 de
511 804 575 867 hoc
606 803 694 886 quod
724 801 911 884 distringat
940 800 1053 886 ipsum
1084 802 1127 866 ad
1155 802 1406 885 redemptiones

252 891 381 957 dandas
406 911 467 975 pro
493 889 615 954 averiis
641 887 711 953 suis
737 888 904 953 habendis
926 887 963 950 in
985 908 1166 952 communa
1191 893 1338 974 pasturae
1364 889 1406 952 de

253 977 413 1060 Meldon',
430 999 502 1061 quae
517 977 553 1039 in
569 997 610 1040 ea
625 975 749 1040 habere
765 974 865 1040 debet
880 975 994 1058 quiete
1008 995 1069 1059 per
1085 978 1215 1039 cartam
1234 975 1404 1040 Johannis

254 1064 316 1129 filii
343 1064 514 1143 Semanni,
541 1063 596 1127 avi
619 1061 773 1147 praedicti
798 1061 978 1140 Johannis,
1002 1061 1101 1145 cujus
1125 1061 1222 1125 heres
1245 1061 1318 1146 ipse
1341 1064 1404 1141 est,

253 1173 355 1235 quam
378 1151 456 1216 inde
483 1149 598 1228 habet,
626 1154 704 1228 eta,
730 1148 824 1214 venit
848 1151 883 1212 et
907 1147 1052 1211 retraxit
1075 1168 1120 1214 se.
1166 1147 1250 1212 Ideo
1275 1147 1347 1232 ipse
1370 1150 1406 1212 et

252 1236 358 1322 plegii
373 1236 427 1301 sui
442 1238 483 1300 de
498 1235 731 1321 prosequendo
746 1235 783 1298 in
799 1234 885 1314 mis',
906 1232 1047 1313 scilicet,
1057 1233 1224 1300 Ricardus
1240 1235 1282 1301 de
1298 1235 1406 1298 Swar-

252 1323 334 1388 land
359 1327 395 1388 et
418 1323 612 1388 Willelmus
637 1322 679 1386 de
707 1321 888 1405 Scauceby.
943 1320 1054 1406 Plegii
1080 1321 1122 1385 de
1148 1321 1225 1384 mis’
1252 1320 1406 1406 praedicti

253 1409 409 1490 Gilberti,
426 1409 616 1476 Willelmus
633 1408 674 1472 de
690 1407 886 1472 Milleburn'
903 1411 938 1472 ct
953 1407 1065 1471 Adam
1080 1408 1121 1472 de
1137 1408 1306 1494 Wytton’.

316 1539 434 1604 Assisa
455 1537 549 1603 venit
572 1537 790 1621 recognitum
813 1536 842 1600 si
857 1536 1032 1603 Johanncs
1054 1538 1094 1603 de
1115 1535 1269 1622 Baylol',l
1293 1538 1404 1603 Adam

251 1625 283 1692 le
299 1625 456 1692 Forester
471 1625 513 1689 de
528 1623 715 1708 Bromelcy‚
731 1623 825 1687 Elias
840 1623 882 1687 de
899 1623 1092 1689 Farenhull'
1116 1628 1150 1688 et
1172 1625 1359 1690 Nicholaus
1374 1626 1405 1690 le

252 1712 409 1778 Forester
438 1711 479 1777 de
508 1711 618 1776 Aoum
647 1710 789 1794 injuste,
820 1714 897 1788 eta,
926 1710 1182 1776 disseisiverunt
1210 1712 1405 1776 Johannem

251 1798 360 1862 filium
383 1796 566 1863 Johannis⁹
589 1797 630 1861 de
655 1817 834 1861 communa
857 1799 1006 1879 pasturae
1030 1819 1097 1862 suae
1119 1797 1157 1860 in
1181 1797 1405 1863 Shilvesdon’³

252 1907 324 1968 quae
337 1884 488 1969 pertinet
503 1884 548 1947 ad
563 1883 707 1948 liberum
722 1885 955 1948 tenementum
977 1904 1075 1947 suum
1091 1883 1129 1946 in
1144 1885 1406 1966 Thorneburn',⁴

250 1974 329 2055 post
343 1971 498 2056 primam,
515 1975 580 2035 eto.
625 1970 672 2033 Et
687 1968 777 2032 unde
793 1969 947 2052 queritur
963 1971 1051 2053 quod
1068 1971 1126 2034 ubi
1142 1970 1214 2056 ipse
1232 1976 1268 2036 et
1288 1993 1404 2036 omnes

251 2061 480 2123 antecessores
511 2056 564 2121 sui
594 2075 809 2120 communare
840 2055 995 2119 solebant
1032 2057 1068 2119 in
1106 2059 1251 2141 quadam
1289 2058 1404 2142 placea

251 2144 378 2209 bruerae
401 2166 475 2228 qua
497 2147 638 2209 vocatur
659 2140 864 2220 Chelvedon,
884 2164 958 2226 quae
978 2143 1133 2207 continet
1149 2143 1284 2210 circiter
1307 2146 1403 2228 quin-

251 2232 345 2314 quies
361 2236 498 2296 centum
514 2251 621 2308 acras,
637 2227 791 2313 predicti
808 2229 831 2292 J
832 2227 993 2308 ohannes,
1010 2229 1120 2294 Adam
1136 2234 1172 2294 et
1187 2230 1247 2294 alii
1262 2231 1404 2316 impedi-

250 2321 373 2382 verunt
387 2319 498 2402 ipsum
513 2317 693 2400 quominus
707 2314 823 2400 potuit
838 2315 890 2378 uti
905 2315 1039 2400 seysina
1056 2337 1127 2395 sua,
1144 2322 1210 2382 ete.

315 2403 443 2468 Eadem
459 2404 566 2467 assisa
581 2423 641 2486 per
663 2402 799 2465 eosdem
816 2403 1048 2485 recognitores
1070 2404 1165 2468 venit
1188 2405 1404 2489 recognitum

250 2490 278 2554 si
294 2490 474 2574 praedictus
490 2489 513 2554 J
515 2490 666 2555 ohannes
682 2487 723 2552 de
738 2487 1031 2573 Bayloll'‚'Adam,
1053 2489 1239 2554 Nicholaus
1254 2495 1289 2555 et
1309 2491 1402 2556 Elias

248 2573 1404 2730 titt-ttint⁵3³3?ttttiitilutilttutll¹ttsl

248 2750 360 2836 plaoia
375 2771 447 2833 qua
462 2685 672 2835 pertinetJad
687 2746 832 2812 liberum
848 2684 1082 2814 ammineum
1094 2770 1193 2814 suum
1205 2750 1241 2813 in
1253 2751 1403 2815 Thorna-

116 2881 118 2884 -
249 2837 360 2916 burn’,
377 2838 455 2920 post
477 2835 633 2920 primam,
657 2837 721 2899 etc.
766 2834 812 2897 at
833 2835 922 2900 unde
944 2836 1096 2918 queritur
1111 2837 1198 2919 quod
1213 2837 1272 2900 ubi
1286 2836 1353 2922 ipsi
1368 2842 1403 2902 et

249 2943 366 2988 omnes
397 2925 627 2988 antecessores
665 2920 718 2986 sui
756 2941 887 3004 semper
923 2941 1138 2988 communare
1176 2923 1330 2990 solebant
1366 2925 1403 2988 in

248 3009 411 3096 praedicta
432 3009 543 3093 placia
564 3008 704 3086 bruera,
728 3007 883 3092 praedicti
909 3006 1084 3073 Johannes
1111 3013 1147 3073 et
1170 3009 1229 3074 alii
1253 3011 1401 3077 disseisi·

247 3100 370 3161 verunt
384 3096 476 3180 ipsos
492 3095 671 3178 quominus
686 3094 793 3180 ipsius
814 3095 881 3178 (sio)
899 3095 1148 3162 communicare
1164 3102 1302 3181 possent
1315 3097 1403 3164 sicut

249 3183 414 3263 solebant,
440 3184 504 3247 etc.
554 3184 601 3246 Et
630 3180 752 3260 Adam,
776 3180 870 3244 Elias
900 3183 936 3247 et
965 3181 1153 3248 Nicholaus
1182 3185 1337 3264 veniunt,
1367 3188 1403 3249 et

246 3269 424 3335 Johannes
450 3268 492 3332 de
518 3267 659 3354 Bayloll’
686 3287 756 3330 non
783 3267 887 3347 venit,
912 3268 971 3332 sed
993 3266 1105 3333 Adam
1125 3270 1240 3349 Baret,
1257 3271 1401 3336 ballivus

247 3357 331 3440 ejus,
361 3355 455 3420 venit
485 3359 520 3419 et
546 3353 723 3439 respondit
752 3373 814 3438 pro
840 3374 889 3420 eo.
946 3355 992 3418 Et
1019 3355 1124 3421 nichil
1155 3355 1274 3422 dicunt
1301 3379 1403 3441 quare

247 3441 355 3507 assisa
383 3445 559 3507 remaneat
588 3440 657 3506 nisi
687 3443 822 3504 tantum
854 3441 945 3523 quod
975 3442 1095 3506 dicunt
1128 3443 1217 3526 quod
1250 3444 1402 3527 quadam

246 3529 494 3614 perambulatio
503 3528 598 3594 facta
609 3526 679 3591 fuit
691 3527 783 3591 inter
793 3526 992 3610 pradictum
1003 3529 1025 3592 J
1027 3529 1197 3594 ohannem
1208 3531 1250 3596 de
1260 3530 1401 3617 Bayloll'

247 3618 283 3680 et
299 3616 478 3699 quemdam
493 3614 517 3679 J
518 3615 688 3679 ohannem
702 3613 744 3677 de
760 3612 914 3677 Houton'
929 3614 1021 3678 inter
1031 3615 1134 3680 feoda
1145 3615 1307 3701 ipsorum.
1345 3617 1403 3682 Ita

248 3701 337 3787 quod
352 3702 375 3765 J
377 3702 538 3780 ohannes,
555 3705 653 3786 pater
666 3699 906 3785 praedictorum
921 3701 1061 3766 Ricardi
1077 3707 1113 3766 et
1127 3702 1150 3765 J
1152 3703 1309 3784 ohannis,
1319 3707 1402 3770 tuno

247 3789 362 3852 tenuit
376 3787 565 3852 manerium
581 3787 623 3851 de
638 3786 848 3853 Thornebur'
864 3787 908 3850 ad
926 3789 1015 3871 quod
1037 3787 1185 3854 clamant
1207 3791 1403 3875 praedictam

246 3879 423 3960 pasturam
447 3875 631 3958 pertinere,
661 3873 712 3937 ita
742 3873 833 3956 quod
860 3895 921 3958 per
949 3875 1277 3960 perambulationem
1308 3876 1402 3942 illam

246 3962 413 4026 remansit
450 3965 526 4025 tota
559 3959 721 4045 praedicta
750 3963 893 4043 pastura
930 3962 972 4026 de
1010 3961 1255 4027 Chelmendon'
1293 3963 1402 4030 eidem

247 4046 400 4113 Johanni
422 4048 464 4111 de
487 4046 629 4132 Bayloll'
652 4051 692 4112 ut
711 4066 809 4111 suum
834 4047 997 4132 separale.
1043 4049 1100 4112 Ita
1116 4050 1206 4133 quod
1220 4050 1402 4135 praedictus

280 4206 288 4239 ¹
306 4207 380 4259 John
396 4209 428 4260 ‹le
445 4207 547 4258 Bailliol
564 4207 625 4260 held
635 4208 681 4260 tho
693 4207 799 4275 Barony
883 4207 893 4239 ³
910 4209 1026 4271 Shildon,
1045 4226 1108 4262 noar
1124 4211 1243 4274 Neston,
1258 4212 1287 4262 iu
1303 4211 1402 4278 Bywell

246 4276 273 4326 ol
283 4273 390 4341 Bywell.
849 4274 887 4327 at.
899 4275 998 4328 Peter’s
1009 4277 1108 4329 Parish.

279 4337 290 4370 ²
306 4340 379 4391 John
391 4339 423 4392 (le
435 4340 590 4403 Middloton,
602 4339 723 4402 Richard,
741 4342 799 4393 bro-
882 4340 893 4371 ⁴
909 4341 1402 4410 ThombomughincorbridgeParish.

246 4406 306 4459 ther
317 4407 344 4457 ol
360 4406 406 4457 the
423 4405 478 4457 said
495 4406 577 4469 John,
593 4407 645 4457 and
662 4407 741 4458 Alina
757 4405 798 4457 his
882 4405 892 4436 ⁶
910 4407 944 4458 In
957 4411 1032 4460 Pesla
1047 4413 1078 4461 de
1095 4411 1182 4460 Nevill
1198 4411 1248 4462 and
1266 4411 1402 4462 elsewhere

246 4474 314 4536 wile,
326 4473 386 4524 held
398 4473 571 4537 {thorneburg
588 4474 615 4523 ol
631 4473 676 4524 the
694 4473 798 4540 Barony
848 4489 882 4526 ou
894 4475 947 4527 this
957 4475 1006 4526 roll
1018 4476 1063 4528 she
1074 4477 1095 4528 is
1107 4476 1188 4528 called
1200 4477 1285 4530 Alina.

246 4541 274 4592 of
287 4538 380 4590 Bolum
392 4539 479 4606 (Paeto
491 4542 521 4590 de
531 4540 626 4600 Neoill,
638 4555 663 4606 p.
675 4536 758 4602 ³82³).
