3272 5092
281 521 343 584 252
451 542 565 587 assrzn
588 542 685 604 nont,
708 541 1050 605 nonrnnrrnsanann,
1075 523 1093 588 7
1118 545 1207 590 now.
1231 545 1255 590 1.

282 696 479 764 Sumereilel
494 701 531 762 et
545 695 704 776 Isnbella,
720 716 807 762 uxor
827 698 911 782 ejus,
935 719 1017 782 quos
1033 697 1208 764 Waltenrs
1232 698 1274 764 de
1292 698 1432 780 Gomon,

281 783 452 850 Gerardus
469 785 510 849 de
531 784 768 869 Wodrington,
784 789 819 849 et
841 785 1009 850 Ricardus
1032 786 1074 850 de
1099 786 1280 851 Schutton'
1295 807 1434 853 vocare-

280 875 362 935 nmt
387 872 431 936 nd
456 875 674 951 warrantum,
699 872 813 956 etqui
837 871 886 938 eis
912 874 1246 955 warrantizavenmt,
1274 875 1431 939 tenentes

280 979 359 1024 -se
374 959 489 1043 posuit
511 958 548 1060 in
571 958 666 1023 curia
687 959 816 1024 domini
839 958 943 1044 Regis
965 961 1054 1045 apud
1078 960 1430 1042 westmonasterium,

279 1045 916 1218 ttttttttttt?{tfttt
938 1047 1431 1219 tittttttttttttt

198 1293 200 1296 ¹
279 1225 319 1284 ut
334 1221 376 1287 de
390 1220 492 1285 feodo
507 1222 549 1286 de
571 1240 639 1284 unc
662 1221 836 1306 mesuagio
856 1225 892 1285 et
919 1221 1049 1286 duabus
1074 1221 1206 1287 bovatis
1232 1226 1332 1288 terrm
1353 1244 1430 1288 cum

279 1307 497 1392 pertinentiis
526 1309 563 1370 in
595 1307 777 1392 Saltewyk,
802 1308 903 1374 etde
932 1313 1080 1394 quatuor
1104 1310 1288 1396 mesuagiis
1316 1313 1351 1375 et
1374 1331 1430 1376 sex

279 1395 411 1460 bovntis
426 1405 525 1460 terrae
540 1415 617 1459 cum
636 1395 852 1479 pertinentiis
876 1396 912 1460 in
927 1396 1046 1462 endem
1061 1396 1152 1478 villa,
1173 1401 1208 1464 et
1224 1398 1265 1462 de
1285 1403 1431 1482 quatuor

282 1483 411 1546 bovatis
425 1488 525 1547 terrae
540 1503 616 1547 cum
631 1482 849 1567 pertinentiis
872 1482 909 1546 in
931 1483 1049 1548 eadem
1064 1484 1153 1567 villa,
1175 1484 1230 1549 die
1252 1506 1318 1570 quo
1333 1485 1429 1566 obiit,

280 1569 369 1634 sicut
392 1570 573 1655 praedictus
595 1568 727 1634 Alanus
742 1569 836 1643 dicit,
864 1570 916 1636 vel
940 1591 1020 1651 non,
1044 1571 1133 1637 sicut
1156 1573 1308 1658 praedicti
1331 1572 1429 1637 Will-

279 1657 387 1722 elmus
410 1661 445 1723 et
463 1658 623 1736 Mariota,
648 1656 817 1722 Robertus
840 1662 877 1722 et
898 1657 1056 1738 IsabeHn,
1072 1659 1203 1738 dicunt,
1219 1664 1283 1725 etc.
1329 1661 1429 1725 Jura-

279 1750 369 1810 tores
407 1766 507 1829 super
544 1750 794 1809 sacramentum
831 1766 930 1809 suum
966 1745 1087 1812 dicunt
1120 1748 1209 1831 qnod
1248 1746 1429 1833 praedictus

280 1833 485 1916 Stephanae,
502 1853 583 1896 avus
606 1831 758 1916 prmdicti
782 1831 895 1912 Alani,
913 1853 982 1896 non
1008 1833 1094 1898 obiit
1120 1835 1266 1920 seysitus
1282 1836 1324 1901 de
1346 1857 1428 1920 prae-

279 1919 380 1983 dictis
409 1919 613 1985 tenementis
644 1917 681 1981 in
707 1919 876 1984 dominico
901 1941 962 1985 sno
988 1922 1029 1984 ut
1054 1922 1096 1985 de
1125 1921 1237 2002 feod0,
1263 1943 1327 1988 nec
1351 1926 1429 2007 post

278 2007 532 2072 coronationem
561 2005 689 2070 domini
725 2006 866 2072 Hemici
892 2006 1007 2093 Regis,
1038 2008 1147 2092 patris
1172 2009 1300 2074 domini
1323 2010 1428 2096 Regis

278 2115 378 2173 nunc,
394 2099 430 2158 et
445 2093 521 2158 ideo
544 2093 796 2158 consideratum
818 2098 870 2160 est
892 2095 981 2178 qnod
1002 2095 1155 2179 praedicti
1179 2096 1372 2162 Willelmns
1394 2099 1429 2162 et

278 2181 436 2260 Mariota,
453 2181 622 2246 Robertus
638 2184 673 2245 et
687 2180 834 2246 Isabeila
848 2181 928 2246 inde
945 2183 1018 2247 sine
1039 2182 1104 2264 die,
1120 2187 1156 2247 et
1177 2183 1307 2249 Alanus
1323 2183 1429 2248 nichil

279 2269 392 2353 capiat
420 2289 480 2353 per
509 2270 660 2354 juratam
692 2268 806 2349 istam,
831 2272 884 2334 eet
914 2269 960 2333 sit
990 2269 1025 2333 in
1056 2271 1131 2335 mis’
1159 2291 1220 2356 pro
1249 2271 1338 2338 falso
1363 2271 1430 2337 cla-

278 2376 380 2435 more,
396 2359 460 2420 etc.

341 2544 535 2609 Willelmus
561 2543 603 2609 de
632 2541 787 2607 Doxford
813 2546 849 2607 et
875 2541 1031 2623 Matilda,
1055 2565 1141 2610 uxor
1163 2547 1247 2631 ejus,
1270 2546 1426 2632 Rogerus

278 2632 439 2735 Dannsel'
455 2636 490 2696 et
516 2630 637 2711 Alicio,
661 2651 747 2694 uxor
770 2631 853 2713 ejus,
878 2629 1027 2696 Michnel
1041 2632 1084 2732 dc
1107 2632 1184 2697 Rolr
1208 2637 1244 2735 et
1270 2633 1426 2715 matilda

276 2716 1428 2890 ttstnttttttttttzteta‘gtttetttttttt

277 2894 486 2960 denarriatas
496 2892 659 2971 redditus,
672 2895 708 2956 et
724 2895 879 2976 quartam
890 2897 1024 2976 partem
1033 2894 1134 2959 unius
1150 2895 1335 2960 molendini
1351 2918 1426 2961 cum

275 2982 492 3068 pertinentiis
519 2980 556 3045 in
580 2977 849 3064 Fremelington,
878 2984 916 3044 ut
942 2979 1000 3065 jus
1030 2981 1179 3066 ipsarum
1215 2982 1369 3048 Matildae
1391 2986 1427 3048 et

275 3068 403 3149 Aliciae,
421 3067 571 3132 Matildee
596 3071 631 3132 et
655 3065 844 3149 Margeriae,
863 3070 926 3131 etc.
971 3068 1018 3131 Et
1032 3069 1144 3134 Adam
1164 3069 1259 3135 venit
1282 3075 1317 3135 et
1338 3070 1427 3156 petit

276 3157 355 3221 inde
370 3157 489 3235 visum,
506 3159 541 3218 et
556 3155 691 3219 habeat.
737 3153 818 3217 Dies
842 3154 943 3218 datus
969 3159 1023 3219 est
1048 3156 1097 3221 eis
1122 3157 1213 3241 apud
1237 3156 1426 3223 Eboracum

276 3244 312 3307 in
328 3243 467 3309 Octabis
484 3244 616 3308 Sanctae
631 3239 812 3304 Trinitatis
828 3244 863 3304 et
878 3241 1041 3323 interim‚³
1057 3246 1121 3309 etc.

341 3415 460 3479 Assisa
474 3414 568 3478 venit
583 3413 799 3496 recognitum
821 3411 850 3476 si
865 3411 1012 3479 Thomas
1031 3415 1122 3480 filius
1137 3415 1312 3498 Willelmi,
1328 3421 1426 3502 pater

275 3503 417 3583 Oeciline
441 3502 556 3566 uxoris
572 3500 732 3586 Hngonis
755 3499 797 3563 de
822 3501 938 3580 Seton,
954 3501 1025 3566 fuit
1040 3504 1186 3588 seysitus
1202 3504 1239 3567 in
1255 3505 1424 3569 dominico

276 3613 336 3656 sno
367 3596 406 3653 nt
436 3589 477 3654 de
506 3588 608 3653 feodo
637 3589 679 3652 de
715 3586 825 3652 tribus
859 3589 1071 3674 messuagiiS,
1114 3591 1245 3656 duabus
1279 3591 1423 3672 boantis,

275 3677 399 3763 viginti
414 3680 449 3742 et
464 3697 584 3740 novem
599 3675 687 3740 acris
710 3679 807 3739 terrae
823 3678 858 3741 et
887 3675 1039 3759 dimidia,
1063 3682 1099 3745 et
1121 3678 1313 3763 quindecim
1336 3679 1423 3744 acris

273 3765 364 3850 preti
379 3785 455 3830 cum
470 3761 688 3848 pertinentiis
704 3760 741 3824 in
755 3761 869 3826 North
885 3763 1091 3846 Charleton'‚
1104 3764 1372 3852 Thnrwyteleye‚
1388 3769 1424 3833 et

274 3852 457 3916 Blakeden'
482 3850 536 3914 dic
560 3871 638 3934 quc,
664 3853 727 3913 etc.
774 3850 819 3912 Et
846 3849 886 3930 si,
913 3854 978 3916 etc.
1023 3852 1122 3918 Unde
1150 3853 1306 3939 Rogerus
1332 3853 1423 3919 filius

275 3937 437 4003 Willelmi
459 3959 564 4002 unum
587 3935 798 4021 mesuagium
821 3940 856 4002 et
880 3940 1135 4022 quatuordecim
1159 3962 1254 4006 acras
1274 3944 1373 4006 terrae
1388 3945 1424 4006 ct

271 4026 458 4106 dimidiam,
472 4025 495 4090 J
497 4026 649 4090 ohannes
665 4023 754 4087 filius
769 4021 936 4089 Willelmi
953 4048 1059 4090 unum
1080 4029 1304 4114 mesuagium,
1326 4028 1424 4113 quin·

271 4116 381 4180 decim
405 4133 499 4178 acras
522 4115 631 4191 terrae,
658 4115 694 4175 et
717 4109 910 4195 quindecim
933 4134 1028 4180 acras
1050 4115 1151 4199 prati,
1175 4121 1210 4181 et
1231 4115 1423 4180 Willehnus

271 4202 360 4266 filius
376 4199 538 4265 Willelmi
552 4220 660 4264 unum
674 4198 904 4283 messuagium
919 4204 954 4264 et
969 4201 1053 4267 duas
1069 4203 1210 4268 bovatas
1226 4209 1325 4269 terrae
1341 4204 1422 4268 inde

304 4373 385 4425 ¹'ihc
414 4371 483 4424 Inrd
504 4371 602 4424 Bobert
624 4373 655 4424 de
680 4371 817 4425 Sumcrvill
906 4371 1025 4435 'Adam
1045 4375 1134 4426 sonci
1150 4374 1234 4426 Adam
1253 4375 1287 4428 de
1307 4373 1423 4428 Doxford

268 4441 378 4493 mscssod
390 4455 424 4490 on
436 4437 512 4504 goods
528 4439 556 4490 in
568 4439 672 4492 Witton
696 4442 739 4493 for
755 4440 817 4492 snb·
873 4441 951 4506 (Pipa
962 4442 1032 4504 nou,
1044 4445 1059 4492 6
1071 4443 1143 4493 Edon
1155 4443 1202 4505 L).

269 4507 326 4572 ridy
353 4507 382 4559 in
408 4509 441 4558 24
467 4505 539 4558 hidre.
557 4506 581 4558 Ι.
600 4509 670 4575 (Iay
699 4508 816 4574 Sebridy,
907 4505 981 4560 ’See
1006 4508 1152 4573 Appendix,
1184 4509 1246 4559 Μ
1281 4512 1313 4575 os
1337 4511 1424 4574 nm,

271 4576 371 4640 158-1).
876 4575 1034 4637 Nartem,
1045 4577 1117 4628 Edw.
1129 4577 1160 4640 1.,
1172 4573 1221 4628 No.
1232 4579 1272 4628 28.
