3272 5092
415 494 530 538 nssrxu
556 493 653 553 aona,
677 493 1017 554 uonruurmaamrn,
1041 473 1082 538 53
1106 494 1187 540 aru.
1211 495 1265 540 111.
1348 471 1412 538 179

256 647 347 712 sicut
378 648 479 716 breve
512 647 607 714 dicit.
652 647 735 714 Ideo
768 647 1021 714 consideratum
1052 651 1105 714 est
1134 648 1224 733 quod
1249 648 1413 734 praedicta

256 735 423 820 Dyonisia
446 738 624 822 recuperet
647 735 817 821 seysinam
834 756 930 800 suam
945 735 1131 822 pervisum
1146 735 1411 822 recognitorum,

257 826 292 886 et
307 822 330 888 J
331 823 483 888 ohannes
499 823 534 887 in
551 822 638 889 mis’.

322 910 481 996 Dampna
496 911 530 975 xl
539 910 565 974 ε’
582 915 666 975 tunc
681 913 792 996 capta.

322 1066 453 1131 Alanus
468 1066 500 1130 le
516 1065 660 1131 Provost
675 1065 716 1131 de
731 1066 939 1147 Thorntonc,
953 1065 1147 1130 Willelmus
1157 1066 1247 1130 filius
1260 1065 1412 1144 Henrici,

257 1153 403 1217 Thomas
431 1155 472 1220 de
499 1154 668 1220 Redwode
693 1153 734 1218 de
760 1153 969 1233 Thorntone,
992 1158 1027 1217 et
1046 1153 1223 1219 Johannes
1238 1152 1360 1218 Rudde
1376 1153 1413 1216 in

257 1239 332 1305 mis’
349 1241 429 1324 quia
439 1263 507 1306 non
520 1241 713 1305 habuerunt
726 1239 937 1306 Willelmum
949 1241 990 1306 de
1005 1240 1135 1321 Insula,
1146 1261 1245 1324 quem
1255 1260 1412 1304 manuce-

256 1335 381 1479 pepppt
407 1329 451 1392 ((1
475 1329 747 1413 respondendum
767 1328 905 1393 Thomas
921 1329 962 1394 de
979 1327 1206 1412 Dyvelestoue
1224 1327 1266 1392 de
1286 1326 1413 1412 placito

281 1436 298 1481 e
322 1437 375 1480 11.

321 1568 344 1634 J
346 1569 496 1634 ohannes
534 1570 575 1636 de
609 1569 759 1633 Hirlawe
794 1568 920 1653 optulit
952 1590 987 1634 se
1022 1590 1137 1634 versus
1171 1570 1336 1636 Thornam
1372 1570 1413 1633 de

255 1655 405 1740 Eichwyk
430 1655 471 1721 de
495 1657 620 1741 placito
647 1657 737 1741 quod
760 1655 879 1720 reddat
894 1656 925 1720 ei
941 1657 1117 1722 duodecim
1134 1677 1265 1722 marcas
1281 1679 1365 1742 quas
1381 1657 1413 1722 ei

257 1743 368 1823 debet,
393 1748 428 1808 et
451 1743 579 1828 injuste
602 1745 744 1824 detinet,
769 1747 833 1809 etc.
880 1744 926 1807 Et
941 1744 1014 1829 ipse
1029 1765 1097 1809 non
1115 1746 1218 1825 venit,
1235 1749 1270 1810 et
1285 1745 1413 1831 pluries

255 1830 342 1910 fecit
366 1830 542 1910 defaltum,
569 1832 620 1895 ita
645 1831 735 1916 quod
761 1834 966 1916 praeceptum
998 1831 1068 1894 fuit
1099 1833 1290 1898 vicecomiti
1324 1833 1413 1917 quod

255 1916 441 2002 distringat
462 1940 540 1985 eum
562 1939 623 2002 per
637 1939 753 1983 omnes
769 1921 888 1999 terras,
904 1927 982 1998 eto,
999 1919 1050 1985 ita
1071 1920 1162 2004 quod
1186 1920 1227 1984 de
1254 1921 1413 1998 exitibus,

256 2008 321 2069 etc.
368 2005 414 2068 Et
441 2006 624 2072 vicecomes
650 2011 801 2070 testatur
825 2006 916 2091 quod
941 2026 1011 2069 non
1037 2006 1142 2070 habet
1168 2011 1277 2071 terras
1305 2027 1413 2090 neque

256 2096 453 2156 tenemento
481 2094 518 2156 in
541 2093 667 2158 ballivo
692 2113 765 2171 sua,
792 2113 853 2178 per
880 2114 953 2178 quaa
976 2093 1085 2178 possit
1112 2093 1285 2178 distringi,
1302 2098 1337 2158 et
1351 2094 1412 2160 Jo-

259 2179 388 2244 hannes
404 2180 468 2245 hoo
485 2181 575 2244 idem
591 2181 775 2266 cognoscit,
791 2181 867 2245 ideo
883 2179 990 2246 nichil
1005 2179 1093 2246 inde.

323 2334 491 2399 Ricardus
517 2333 608 2398 filius
635 2333 805 2398 Johannis
830 2333 983 2399 Waldet'-
1004 2335 1045 2398 de
1070 2333 1211 2415 Tossan,
1228 2333 1413 2415 Gilbertus,

256 2422 365 2486 frater
381 2421 467 2505 ejus,
483 2421 676 2488 Alexander
691 2421 881 2506 Wythman
893 2420 935 2486 de
951 2421 1169 2507 Edlingham‚
1186 2428 1220 2488 et
1235 2422 1258 2488 J
1260 2422 1413 2488 ohannes

256 2508 279 2574 J
281 2529 342 2596 oye
359 2507 400 2572 de
416 2507 533 2574 eadem
549 2508 585 2571 in
603 2509 677 2573 mis'
694 2507 855 2592 quianon
874 2509 1068 2573 habuerunt
1090 2508 1113 2574 J
1115 2509 1285 2574 ohannem
1305 2508 1411 2572 filium
1447 2539 1450 2546 ·

257 2595 426 2661 Johannis
448 2595 609 2675 Waldei’,
635 2616 734 2679 quem
767 2600 1035 2682 manuceperunt
1066 2595 1109 2661 ad
1142 2596 1414 2681 respondendum

259 2683 412 2748 Waltero
439 2683 481 2747 de
507 2681 715 2768 Eldlingham
742 2687 779 2746 et
805 2682 937 2763 Isoldae‚
964 2683 1063 2747 uxori
1089 2683 1176 2768 ejus,
1212 2683 1253 2748 de
1287 2683 1414 2768 placito

258 2769 503 2850 conventionis,
520 2775 584 2834 etc.

323 2923 454 2987 Alanus
471 2924 512 2987 de
528 2922 692 2989 Holthale
707 2922 795 3008 petit
811 2945 927 2988 versus
940 2921 1129 2988 Ricardum
1138 2923 1247 3004 filium
1257 2924 1416 2990 Nicholai

259 3010 326 3075 duo
343 3011 518 3096 mesuagia
533 3014 569 3075 et
584 3010 760 3074 dimidiam
776 3017 970 3076 carucatam
986 3013 1086 3076 terrae
1102 3029 1178 3075 cum
1197 3012 1415 3095 pertinentiis

259 3098 295 3161 in
322 3097 482 3183 Saltwyk‚
509 3103 548 3162 ut
570 3098 627 3183 jus
651 3119 762 3177 suum,
784 3120 845 3183 per
868 3101 966 3164 breve
990 3099 1032 3163 de
1054 3119 1128 3178 avo,
1152 3103 1230 3177 eta,
1247 3104 1282 3162 et
1298 3119 1414 3166 versus

259 3185 452 3250 Walterum
476 3185 517 3252 de
542 3184 730 3250 (lambhoul
756 3186 823 3250 duo
848 3185 1022 3271 mesuagio
1044 3189 1080 3251 et
1102 3207 1202 3250 unam
1220 3191 1414 3251 carucatam

259 3276 358 3336 terrea
373 3293 451 3336 cum
466 3271 683 3357 pertinentiis
698 3271 734 3334 in
750 3272 866 3338 eadem
882 3273 974 3351 villa,
987 3277 1023 3337 et
1034 3295 1150 3338 versus
1167 3271 1357 3339 (letardum
1373 3275 1415 3339 de

260 3358 526 3443 Woderingtone
554 3360 622 3424 duo
648 3359 822 3443 mesuagia
848 3365 883 3424 et
910 3360 1086 3425 dimidiam
1107 3365 1300 3426 carucatam
1316 3365 1415 3425 terrra

260 3467 336 3510 cum
364 3446 582 3531 pertinentiis
610 3445 646 3509 in
673 3446 790 3510 cadem
816 3446 906 3527 villa,
927 3452 968 3511 ut
982 3447 1039 3532 jus
1056 3468 1166 3528 suum,
1182 3471 1241 3533 per
1255 3449 1355 3512 breve
1372 3449 1414 3512 de

259 3555 333 3598 avo.

325 3619 563 3686 stainardus
591 3625 626 3686 et
652 3621 712 3686 alii
737 3622 890 3703 veniunt,
917 3627 952 3686 et
977 3622 1143 3687 Ricardus
1176 3625 1211 3686 et
1243 3622 1414 3688 Walterus

260 3707 380 3772 dicunt
395 3709 484 3792 quod
500 3729 567 3772 non
584 3715 728 3794 possunt
744 3710 774 3776 ei
789 3709 868 3774 inde
881 3709 1093 3793 respondere,
1106 3710 1185 3794 quia
1195 3709 1314 3774 dicunt
1325 3711 1414 3795 quod

260 3817 328 3859 non
356 3798 474 3859 tenent
501 3795 634 3882 integre
660 3796 823 3881 praedicta
846 3800 1044 3861 tenemento
1068 3817 1183 3861 versus
1209 3817 1265 3861 eos
1292 3797 1413 3882 petita,

260 3883 339 3965 quia
363 3882 544 3966 praedictus
569 3883 735 3948 Ricardus
759 3883 845 3948 dicit
867 3884 957 3968 quod
975 3883 1128 3966 quadam
1145 3882 1300 3948 Matildis
1316 3889 1413 3950 tenet

260 3969 398 4034 tertiam
421 3974 553 4053 partem
579 3970 817 4054 praedictorum
847 3975 1118 4035 tenementorum
1152 3992 1268 4035 versus
1301 3971 1414 4057 ipsum

259 4055 443 4121 Ricardum
458 4055 654 4141 petitorum,
672 4057 707 4120 in
725 4059 849 4137 dotem,
866 4062 901 4121 et
916 4058 1030 4122 tenuit
1045 4059 1099 4122 die
1115 4080 1181 4142 quo
1197 4059 1297 4123 breve
1314 4081 1411 4124 suurn

260 4143 457 4228 impetravit
483 4164 599 4208 versus
626 4165 713 4209 eum.
759 4145 805 4209 nt
835 4143 993 4208 similiter
1025 4145 1206 4230 praedictus
1243 4145 1413 4211 Walterus

260 4229 450 4314 dicitquod
466 4231 571 4295 nichil
587 4231 712 4295 clamat
727 4232 762 4294 in
780 4231 959 4316 sexaginta
969 4234 1057 4296 acris
1072 4239 1179 4311 terra,
1195 4232 1236 4296 de
1252 4233 1413 4316 praedicta

260 4501 277 4552 p
294 4417 419 4552 zsgpput
433 4421 465 4472 de
481 4419 571 4472 Crmh'
587 4421 647 4474 held
664 4437 713 4474 one
733 4423 851 4474 omucate
867 4423 895 4473 ol
911 4421 971 4473 lund
988 4421 1016 4472 in
1034 4421 1136 4474 Saltwic
1157 4423 1247 4483 (Toeto
1267 4424 1298 4472 de
1320 4424 1416 4486 Nectit,

1216 4575 1239 4620 u
1264 4556 1283 4619 2
