3278 5104
279 523 343 588 174
431 541 545 587 lssrzn
568 540 665 601 sont,
689 539 1029 601 sensumsensurn,
1053 521 1095 584 53
1117 539 1201 588 nnn.
1224 541 1277 586 111.

280 698 404 764 Postea
425 696 520 761 venit
545 694 707 780 predicte
732 695 859 780 Agnes,
875 694 944 760 filie
966 694 1104 760 Thomm
1126 694 1188 759 filii
1211 694 1374 764 willelmi
1400 701 1435 765 et

278 787 378 852 finem
393 784 478 849 feeit
499 804 561 868 pro
587 803 622 848 se
648 787 683 848 et
705 781 826 868 plegiis
842 782 912 847 suis
926 803 987 867 per
1004 804 1109 847 unum
1119 783 1174 861 m',
1195 803 1256 868 per
1280 786 1432 873 plegium

282 872 439 957 Hugonis
454 871 486 936 le
501 871 638 955 Vigrus.

344 1030 470 1109 Agnes,
486 1023 558 1088 filie
572 1022 753 1088 Metillidis
768 1023 811 1089 de
820 1021 971 1109 Ryhull’‚
986 1044 1061 1107 quse
1069 1023 1151 1088 tulit
1160 1023 1302 1088 essisem
1310 1022 1430 1089 mortis

278 1111 500 1179 antecessoris
523 1131 639 1177 versus
666 1111 807 1175 Petrum
830 1110 872 1175 de
899 1110 1074 1174 Peundon'
1102 1111 1143 1176 de
1169 1114 1367 1175 tenemento
1392 1110 1429 1174 in

280 1199 427 1286 Ryhull’,
444 1219 512 1263 non
535 1203 588 1264 est
609 1200 797 1283 prosecute,
813 1197 890 1262 ideo
912 1197 987 1282 ipse
1006 1202 1042 1262 et
1063 1196 1167 1284 plegii
1188 1197 1241 1262 sui
1261 1199 1302 1263 de
1317 1218 1430 1282 prose·

278 1288 413 1373 quendo
427 1287 465 1350 in
478 1286 565 1366 mis’,
578 1284 718 1365 scilieet,
730 1285 900 1349 Robertus
915 1284 956 1349 de
968 1284 1200 1352 Thurrismere
1215 1290 1250 1351 et
1260 1285 1430 1350 Robertus

281 1377 323 1440 de
338 1374 461 1439 Weles.

343 1512 462 1577 Assise
490 1509 583 1576 venit
612 1509 830 1594 recognitum
856 1509 885 1574 si
915 1509 1081 1574 Ricardus
1103 1510 1194 1577 filius
1218 1510 1364 1577 Gilberti
1390 1512 1431 1578 de

279 1602 438 1686 Ooyners,
465 1598 646 1675 Robertus,
672 1596 782 1661 freter
804 1597 891 1682 ejus,
918 1602 953 1662 et
978 1596 1125 1662 Thomas
1149 1598 1190 1664 de
1217 1599 1363 1684 Seltwyo
1378 1599 1431 1662 in-

279 1690 372 1775 juste
388 1691 423 1750 et
439 1685 511 1750 sine
523 1683 651 1767 judicio
672 1683 927 1749 disseisiverunt
942 1684 1111 1749 Abbntem
1126 1685 1168 1750 de
1183 1685 1279 1751 Novo
1294 1687 1430 1751 Mones·

278 1775 365 1842 terio
379 1775 421 1839 de
436 1772 541 1837 libero
555 1774 751 1835 tenemento
767 1791 829 1836 suo
842 1770 880 1835 in
895 1771 1097 1851 Oeldewess’,
1106 1775 1183 1856 post
1198 1773 1353 1858 primam,
1366 1781 1431 1839 ete.

279 1865 326 1928 lit
341 1861 431 1925 unde
446 1858 600 1943 queritur
616 1858 706 1942 quod
726 1858 982 1924 disseisiverunt
1001 1879 1079 1923 eum
1095 1859 1136 1923 de
1156 1881 1226 1924 una
1247 1881 1326 1925 eoru
1339 1861 1430 1946 preti

279 1954 403 2015 etune
422 1947 504 2011 rode
525 1966 602 2009 eum
623 1945 864 2030 pertinentiis.¹
917 1947 963 2010 llt
975 1946 1088 2010 nullus
1106 1967 1222 2012 eorum
1241 1949 1345 2028 venit,
1369 1969 1431 2014 neo

278 2037 421 2102 tuertmt
439 2032 632 2112 attaehiati,
655 2031 825 2117 quianon
847 2032 990 2097 fuerunt
1012 2033 1153 2114 inventi,
1172 2035 1249 2099 ideo
1275 2036 1430 2120 capietur

281 2124 389 2190 essise
419 2141 535 2186 versus
565 2139 622 2184 eos
651 2141 712 2204 per
741 2119 916 2185 defeltem.
976 2120 1154 2185 Juretores
1183 2122 1302 2187 dieunt
1332 2144 1431 2208 super

280 2213 530 2278 sacramentum
554 2227 653 2271 suum
676 2207 767 2290 quod
795 2207 947 2291 predicti
969 2207 1136 2273 Rioerdus
1166 2212 1202 2274 et
1230 2229 1346 2276 omnes
1372 2210 1431 2274 elii

281 2297 536 2364 disseisiverunt
560 2293 758 2378 praedietum
782 2295 950 2360 Abbetem
973 2296 1015 2358 de
1042 2295 1203 2395 praedicto
1226 2300 1431 2378 tenemento,

281 2386 372 2472 quod
397 2381 511 2467 posuit
534 2380 570 2444 in
586 2380 660 2445 visu
681 2401 752 2461 su0,
768 2380 909 2466 injuste,
926 2387 1001 2462 ete,
1022 2387 1111 2446 siout
1125 2382 1225 2449 breve
1248 2383 1342 2448 dioit.
1387 2385 1434 2450 ut

281 2471 533 2540 consideratum
555 2468 713 2552 estquod
736 2469 915 2553 praediotus
938 2469 1053 2535 Abbes
1077 2473 1253 2555 recuperet
1275 2471 1434 2536 seisinem

283 2581 379 2626 suem
405 2557 446 2622 de
475 2555 635 2641 preedioto
664 2558 861 2621 tenemento
889 2555 1081 2642 pervisum
1110 2558 1375 2644 recognitorum,
1400 2562 1437 2626 et

282 2645 450 2712 Ricardus
465 2647 501 2708 et
516 2663 632 2709 omnes
648 2641 707 2706 elii
722 2641 759 2706 in
773 2641 860 2709 mis’.

346 2733 505 2818 Dempne
519 2728 554 2815 iij
567 2729 593 2793 ε’
610 2732 720 2815 eepte.

348 2869 468 2934 Assise
482 2866 576 2932 venit
590 2864 809 2952 recognitus-e
824 2866 853 2932 si
869 2865 1025 2947 Isabells‚
1043 2889 1116 2951 quse
1129 2867 1200 2933 fuit
1208 2889 1293 2934 uxor
1308 2869 1434 2956 Rogeri

284 2957 348 3024 filii
376 2954 570 3034 Johannis?
601 2953 720 3018 Simon
750 2953 873 3034 Beard,
903 2953 1008 3039 Hugo
1040 2955 1081 3022 de
1118 2955 1270 3037 Burton'‚
1300 2958 1432 3024 Alenus

285 3047 489 3127 Rnnnoeys,
511 3041 622 3105 Adam
649 3039 814 3120 Palmere,
836 3040 1005 3106 Robertus
1032 3040 1256 3124 Foresterius,
1279 3043 1432 3130 Rogerus

284 3134 398 3210 Beret,
416 3135 451 3193 et
466 3129 579 3214 lflywe,
595 3149 670 3211 quse
683 3127 753 3191 fuit
768 3148 853 3192 uxor
874 3127 1010 3193 Ricardi
1028 3129 1141 3208 Beret,
1158 3130 1288 3215 injuste
1309 3135 1345 3197 et
1359 3133 1432 3200 sine

279 3219 409 3305 judicio
439 3215 699 3281 disseisiverunt
730 3215 902 3281 Simonem
931 3215 1038 3280 filium
1068 3217 1224 3282 Weldevi
1254 3219 1295 3282 de
1325 3219 1431 3288 libero

283 3307 480 3374 tenemento
510 3323 571 3367 suo
597 3302 633 3364 in
664 3300 854 3387 Oorbrigg’‚
876 3307 955 3388 post
983 3303 1138 3390 primum,
1162 3307 1226 3372 eto.
1271 3307 1317 3370 Et
1340 3309 1430 3374 unde

285 3394 438 3479 queritur
460 3390 551 3475 quod
573 3389 828 3454 disseisiverunt
844 3410 921 3454 eum
947 3389 989 3455 de
1004 3412 1073 3457 uno
1095 3392 1288 3479 messuagio
1303 3397 1339 3459 et
1353 3399 1430 3461 octo

284 3480 371 3548 seris
395 3483 493 3544 terrae
518 3497 595 3540 eum
618 3476 847 3561 pertinentiis.
891 3477 938 3541 Et
965 3477 1081 3543 Simon
1102 3479 1246 3564 Beynrd,
1262 3480 1365 3566 Hugo
1388 3482 1429 3550 de

283 3567 440 3645 Burton'‚
469 3565 624 3648 Rogems
654 3562 759 3628 Baret
787 3563 939 3644 veniunt,
970 3568 1005 3629 et
1034 3565 1179 3632 Isebelle
1208 3569 1244 3632 et
1272 3567 1331 3632 elii
1361 3591 1430 3634 non

283 3655 437 3733 veniunt,
476 3653 529 3716 set
567 3651 704 3735 quidum
742 3650 859 3716 Simon
899 3649 1045 3736 Beyerd,
1082 3653 1224 3718 ballivus
1261 3656 1430 3740 praediotae

283 3740 448 3820 Isebellae,
483 3737 578 3803 venit
618 3741 652 3804 et
688 3738 865 3822 respondit
903 3759 965 3824 pro
1001 3760 1042 3805 ea
1082 3741 1117 3805 et
1153 3740 1308 3806 omnibus
1341 3743 1428 3824 aliis,

283 3832 405 3916 praeter
440 3825 639 3911 praedietum
675 3825 849 3909 Rogemm
884 3825 998 3906 Beret,
1029 3831 1064 3894 et
1100 3827 1184 3893 dicit
1221 3829 1309 3913 quod
1346 3852 1428 3914 prae·

282 3918 395 3983 dietus
411 3913 528 3978 Simon
544 3910 634 3976 filius
644 3910 801 3977 Weldevi
816 3910 929 3996 ulique
937 3915 1089 4000 tempore
1103 3914 1216 3980 tenuit
1229 3916 1429 4001 praediotum

282 4005 518 4070 tenementum
533 3998 570 4062 in
585 3997 777 4083 villenegio,
794 4003 829 4064 et
844 3999 1033 4084 dicitquod
1052 4002 1142 4066 idem
1159 4003 1275 4067 Simon
1290 4006 1430 4089 negavit

282 4089 452 4177 praedictae
465 4085 631 4178 lsebellae,
648 4085 787 4172 capitali
809 4086 953 4153 domine
967 4088 1062 4156 feodi
1082 4089 1186 4170 illius,
1203 4090 1341 4156 servitiu
1356 4113 1429 4175 quae

315 4272 324 4307 ¹
342 4273 389 4325 See
397 4270 795 4339 Newminsterchertulurmp.
803 4277 837 4324 22
886 4274 950 4340 oged
960 4276 1098 4342 ayeerend
1108 4276 1264 4339 ahelifflrl.
1274 4279 1343 4340 Gen,
1351 4279 1429 4340 ius).

283 4341 387 4394 andra.
886 4341 941 4392 l'he
953 4343 1080 4409 wurdship
1088 4344 1312 4409 endmnrringeoi
1319 4345 1364 4397 the
1372 4345 1429 4398 heir

315 4403 503 4470 ’Inquisition
533 4405 600 4456 efter
629 4405 674 4458 the
701 4405 779 4458 desth
807 4407 836 4459 oi
885 4408 914 4458 oi
925 4407 1012 4474 Roget
1024 4425 1070 4461 son
1081 4411 1109 4461 ol
1119 4409 1192 4462 John
1204 4411 1429 4476 grentedtoWil·

285 4476 374 4539 Roger
401 4486 447 4522 son
475 4471 504 4522 ol
530 4471 604 4524 John
632 4473 711 4524 telem
743 4472 772 4523 in
801 4478 834 4525 38
884 4473 945 4526 lism
956 4476 988 4526 de
1000 4475 1111 4530 Vulonee
1123 4479 1188 4531 1240
1196 4479 1428 4551 (Emeum.

283 4541 355 4595 Hen.
375 4539 442 4600 HL,
463 4537 564 4592 Robert
582 4537 624 4593 his
640 4554 687 4592 eon
707 4539 759 4592 end
775 4539 834 4593 heir
884 4542 951 4605 lus,
958 4541 985 4595 ii.
994 4545 1048 4607 59).
