3272 5092
392 613 506 658 sssms
530 613 629 674 som,
653 615 992 674 uonrnuusnunrrvn,
1017 595 1058 659 53
1081 615 1164 658 nus.
1187 615 1241 659 111.
1332 594 1393 660 181

307 766 454 832 Thomas
481 768 522 834 de
548 767 752 833 Millehurne
773 769 834 833 dat
854 771 867 852 j
894 789 1042 834 marcam
1065 789 1127 854 pro
1154 768 1293 833 licentia
1317 788 1395 832 con-

241 854 402 918 cordandi
426 877 503 918 cum
529 856 679 920 Roberto
704 857 745 920 de
770 856 963 941 Meynevill’
988 857 1029 921 de
1052 855 1179 940 placito
1203 861 1312 933 terne,
1336 875 1397 940 per

241 940 392 1024 plegium
413 942 520 1027 ipsius
543 943 696 1023 Robcrti,
720 943 761 1008 de
783 943 909 1028 placito
932 947 1030 1010 terrae
1048 945 1131 1026 (sic).
1178 944 1223 1008 Et
1246 943 1396 1008 habeant

243 1028 591 1181 oyrpgipnphpppmm
614 1117 674 1180 dat
698 1116 873 1180 dimidiam
897 1137 1046 1182 marcam
1068 1139 1129 1201 pro
1152 1116 1293 1182 licentia
1316 1137 1394 1182 con-

243 1202 404 1266 cordandi
419 1225 495 1268 cum
506 1205 667 1288 praedicto
683 1203 813 1268 Thomu
829 1204 870 1267 de
887 1205 1003 1270 eodem
1018 1203 1157 1289 placito,
1171 1225 1232 1289 per
1243 1204 1395 1289 plegium

242 1289 349 1373 ipsius
365 1289 512 1356 Thomae.
559 1292 606 1354 Et
621 1291 770 1355 habeant
786 1290 1036 1376 cirographum.

306 1461 478 1542 Johonna,
509 1485 583 1547 quas
611 1463 681 1527 fuit
707 1484 792 1528 uxor
822 1463 996 1549 Radulphi
1023 1463 1183 1547 Gubyum
1208 1462 1336 1547 optulit
1359 1483 1395 1527 se

243 1571 359 1613 versus
376 1550 558 1634 Hugonem
574 1550 735 1636 Gubyunl
753 1552 794 1615 de
817 1550 943 1635 placito
964 1550 1074 1614 tertiae
1097 1550 1204 1634 partis
1222 1571 1279 1613 sex
1297 1550 1396 1614 bova

245 1641 357 1700 tarum
384 1643 481 1703 tcrrae
507 1659 583 1702 cum
609 1638 825 1723 pertinentiis
852 1639 887 1700 in
913 1637 1099 1722 Horseleg’.
1157 1639 1202 1701 Et
1227 1637 1300 1722 ipse
1326 1657 1396 1700 non

243 1725 346 1804 venit,
373 1728 408 1790 et
437 1724 522 1790 elias
548 1725 633 1790 fecit
661 1724 837 1805 defaltum,
875 1725 926 1789 ita
972 1725 1060 1808 quod
1089 1732 1295 1809 praeceptum
1325 1723 1396 1788 fuit

244 1810 435 1877 vicecomiti
446 1813 535 1894 quod
548 1817 683 1897 caperet
698 1811 893 1896 praedictam
909 1811 1046 1876 tertiam
1058 1815 1189 1896 partem
1205 1812 1241 1874 in
1257 1833 1395 1876 manum

243 1897 372 1962 domini
398 1898 512 1982 Regis.
570 1900 615 1962 Et
641 1899 823 1964 vicecomes
850 1899 957 1963 nichil
979 1899 1058 1962 iude
1082 1899 1178 1977 fecit,
1205 1898 1281 1962 ideo
1305 1897 1396 1963 sicut

242 1985 336 2086 prius
349 1994 553 2070 praeceptum
566 1993 618 2051 est
629 1985 818 2050 vicecomiti
830 1987 921 2069 quod
932 1987 1046 2070 capiat
1058 1987 1254 2068 praedictsm
1269 1991 1394 2050 terram

242 2093 278 2135 rn
308 2094 444 2136 manum
472 2073 601 2136 domini
625 2073 739 2156 Regis.
786 2074 831 2151 „ut
855 2074 937 2152 dies,
964 2077 1028 2137 etc.
1076 2073 1120 2135 Et
1146 2075 1397 2136 summoniutur

243 2161 332 2242 quod
355 2160 403 2224 sit
423 2160 512 2244 apud
533 2159 760 2244 Leycestriam
776 2182 798 2223 a
813 2160 867 2224 die
889 2159 1007 2224 Sancti
1032 2159 1209 2224 Michaelis
1234 2159 1270 2222 in
1299 2159 1394 2242 quin-

242 2245 352 2311 decim
376 2247 459 2324 dies,
484 2249 547 2312 etc.
594 2247 717 2311 Postea
742 2247 836 2312 venit
860 2247 1040 2330 praedictus
1069 2246 1181 2330 Hugo,
1203 2267 1262 2330 per
1287 2251 1394 2310 attor-

243 2339 362 2397 natum
384 2355 492 2412 suum,
508 2356 569 2417 per
591 2335 690 2398 breve
714 2333 841 2397 domini
865 2333 969 2418 Regis
996 2355 1096 2410 nnnc,
1120 2338 1155 2397 et
1176 2333 1290 2396 reddit
1312 2355 1394 2417 prae·

242 2420 341 2486 diotae
362 2420 528 2485 Johannae
551 2420 746 2504 praedictarn
770 2422 883 2485 dotem
907 2443 1012 2485 suam.
1059 2419 1141 2485 Ideo
1160 2420 1285 2484 habeat
1302 2421 1396 2484 soisi-

242 2529 322 2571 nam
338 2529 443 2572 suam.

308 2663 501 2748 Stephanus
525 2663 565 2728 de
589 2663 683 2726 Jaru'
706 2663 766 2727 dat
789 2679 889 2727 unam
916 2683 1062 2727 maroam
1086 2682 1147 2745 pro
1161 2661 1302 2726 licentia
1318 2683 1396 2726 con-

243 2749 404 2815 cordandi
419 2771 496 2815 cum
512 2749 692 2833 Ingeramo
708 2751 749 2814 de
766 2750 997 2814 Warendham
1013 2751 1054 2813 de
1071 2748 1196 2834 placito
1207 2749 1396 2813 warrantiae

242 2841 352 2917 cartae,
376 2859 438 2922 per
461 2836 610 2921 plegium
637 2836 791 2921 praedicti
816 2836 999 2921 Ingerami.
1056 2836 1107 2908 Et
1133 2836 1282 2900 habeant
1312 2836 1396 2900 ciro·

242 2925 422 3010 graphum,
438 2931 502 2989 ete.

308 3089 429 3166 Maria,
445 3110 519 3172 quae
540 3089 610 3152 fuit
632 3110 719 3153 uxor
743 3088 882 3153 Roberti
906 3087 965 3151 filii
982 3086 1158 3166 Willelmi,
1175 3086 1264 3171 petit
1279 3107 1394 3150 versus

243 3176 454 3242 Willelmum
481 3176 521 3242 de
550 3175 726 3260 Salebyres
748 3183 783 3241 et
810 3175 1002 3254 babellum,
1020 3196 1158 3240 uxorem
1186 3174 1272 3258 ejus,
1288 3195 1395 3237 unum

242 3264 448 3349 burgagium
471 3285 547 3329 oum
573 3263 789 3346 pertinentiis
816 3263 853 3324 in
879 3261 1067 3346 Alnewyk'‚
1093 3263 1184 3325 unde
1214 3259 1395 3346 praedictus

245 3350 616 3434 Robertus,‘quondam
648 3350 698 3413 vir
735 3371 826 3430 suus,
858 3349 965 3434 ipsam
1003 3348 1135 3412 dotavit
1171 3349 1214 3412 ad
1245 3348 1396 3412 hostium

243 3438 400 3515 ecclesiae,
426 3437 561 3520 qnando
584 3436 691 3520 ipsam
716 3437 944 3521 desponsavit,
968 3440 1031 3502 etc.
1078 3436 1123 3499 st
1148 3434 1338 3498 Willelmns
1361 3443 1395 3498 et

243 3524 389 3590 Isabella
404 3524 556 3602 veniunt,
573 3528 608 3588 et
623 3523 742 3588 dicunt
758 3525 845 3607 quod
861 3523 935 3607 ipsa
951 3522 1057 3586 nichil
1070 3522 1215 3587 clamare
1230 3527 1344 3607 potest
1360 3522 1394 3583 in

242 3613 404 3698 praedicto
443 3611 618 3696 burgagio,
657 3611 790 3675 ratione
828 3609 1014 3674 dotationis
1051 3609 1204 3694 praedicti
1243 3608 1394 3687 Roberti,

243 3700 413 3784 quondam
429 3697 492 3762 viri
508 3697 571 3778 sui,
589 3698 668 3782 quia
684 3698 803 3762 dicunt
827 3699 913 3782 quod
931 3697 1020 3762 idem
1037 3697 1205 3760 Robertus
1221 3715 1395 3779 nunquam

242 3787 313 3850 fuit
329 3785 364 3848 in
380 3785 506 3850 saisina
528 3786 570 3850 de
592 3783 753 3868 praedicto
777 3784 952 3869 burgagio,
969 3785 1019 3846 ita
1034 3784 1141 3868 ipsam
1165 3783 1255 3846 unde
1279 3781 1396 3846 dotare

243 3873 366 3974 potuit.
413 3874 459 3936 Et
474 3873 516 3935 de
532 3873 595 3937 hoc
610 3871 708 3956 ponit
724 3893 759 3935 se
775 3893 876 3957 super
891 3871 1049 3956 patriam,
1062 3879 1097 3934 et
1107 3869 1219 3934 Maria
1228 3868 1395 3948 similiter,

243 3961 320 4024 1ch
346 3960 409 4023 fiat
432 3959 511 4024 inde
535 3959 662 4044 jurata.
708 3958 754 4023 Et
782 3959 952 4042 juratores
979 3959 1020 4021 de
1051 3978 1217 4023 consensu
1245 3956 1396 4040 partium

244 4046 342 4115 electi
366 4040 486 4111 dicunt
506 4068 606 4131 super
626 4050 876 4110 sacramentum
897 4066 1002 4109 suum
1018 4045 1106 4128 quod
1125 4042 1306 4128 praedictus
1333 4045 1398 4108 Ro-

245 4137 371 4214 bertns,
382 4134 552 4218 quondam
564 4135 615 4196 vir
629 4133 797 4218 praedictae
812 4132 940 4210 Mariae,
955 4153 1128 4215 nunquam
1137 4131 1208 4194 fuit
1223 4129 1259 4193 in
1271 4130 1398 4196 seisins

245 4223 287 4287 de
307 4221 468 4307 predicto
492 4222 669 4304 burgagio,
693 4221 744 4284 ita
768 4221 859 4304 quod
881 4221 990 4305 ipsam
1008 4219 1155 4283 Mariam
1177 4219 1257 4282 inde
1280 4218 1397 4282 dotare

278 4411 388 4477 ¹Hngh
412 4411 527 4478 Gubyun
551 4413 601 4463 and
625 4411 742 4462 Willism
765 4411 797 4462 ds
848 4429 897 4463 was
925 4410 1035 4462 assessed
1063 4427 1096 4460 on
1126 4409 1204 4474 goods
1228 4408 1257 4460 in
1285 4409 1399 4472 Quslton

245 4478 372 4544 Horseloy
396 4479 456 4531 held
479 4478 606 4545 Horselsy
630 4479 657 4530 oi
683 4479 797 4541 Putrick,
849 4478 979 4542 (Walton)
1001 4478 1042 4528 for
1060 4476 1164 4540 subsidy
1184 4477 1212 4526 in
1232 4480 1267 4527 24
1284 4475 1356 4528 Edu.
1375 4477 1399 4530 Ι.

245 4545 307 4596 narr
325 4547 352 4596 of
372 4545 488 4609 Dantur,
507 4547 572 4598 1247
587 4543 688 4606 (Bain’s
704 4546 768 4608 Gal,
780 4545 796 4595 i.
852 4545 921 4612 (Loy
936 4547 1053 4610 Subsidy,
1067 4543 1333 4604 Norllmnt.,168-1).

248 4613 334 4676 1712).
369 4613 424 4666 The
436 4614 506 4665 Irord
517 4613 602 4680 Hugh
619 4613 651 4664 ds
668 4613 796 4680 Gobyoun
