3272 5092
273 513 336 578 244
446 530 1046 594 1001000011,1100101111011111110,
1070 510 1089 578 7
1112 532 1200 579 rou.
1223 533 1248 578 1.

270 683 422 770 praedicti
447 683 600 750 Roberti.
645 684 692 748 ut
721 685 775 750 est
804 682 983 750 concordia
1012 683 1093 750 talis
1123 685 1211 770 quod
1240 682 1421 770 praedictus

270 772 441 837 Robertus
465 773 678 855 recognoscit
703 771 902 857 pradictum
927 770 1148 857 Rauulphum
1177 793 1250 838 esse
1279 771 1422 839 liberum

269 859 439 926 hominem
463 862 498 924 et
516 859 648 924 remisit
661 863 696 926 01
710 859 863 945 quietum
885 857 1044 924 clamavit
1065 860 1108 924 de
1130 880 1166 925 se
1188 862 1223 924 et
1241 859 1422 926 heredibus

269 947 339 1012 suis
355 951 468 1013 totum
479 949 536 1032 jus
552 951 588 1012 et
603 945 767 1014 clameum
776 946 866 1031 quod
882 946 1003 1012 habuit
1017 946 1054 1009 in
1065 947 1227 1033 1111011010
1238 947 1421 1032 Ranulpho

269 1037 306 1099 et
325 1035 399 1119 ejus
419 1034 556 1119 sequela
576 1038 611 1100 et
635 1033 768 1100 catallis
792 1033 874 1114 suis,
901 1035 1038 1101 nomine
1063 1034 1259 1120 noyvitatis,
1284 1035 1321 1097 in
1347 1055 1422 1120 per·

267 1125 418 1207 petuum.
458 1122 504 1185 Et
518 1142 580 1208 pro
594 1122 669 1202 hac,
683 1125 757 1202 etc,
773 1119 955 1207 praedictus
970 1121 1173 1207 Runulphus
1189 1122 1250 1188 dat
1260 1122 1421 1208 predicto

208 1290 211 1295 Ι
267 1209 417 1275 Roberto
441 1213 588 1294 quatuor
608 1209 651 1272 m’
666 1209 813 1295 argenti,
838 1209 929 1274 unde
947 1210 1128 1294 pradictus
1148 1209 1317 1276 Robertus
1342 1230 1419 1296 cog·

266 1296 379 1363 noscit
391 1317 427 1362 se
439 1317 511 1362 esse
526 1299 696 1382 pacatum,
712 1299 775 1363 etc.

332 1451 489 1531 Matilda,
505 1472 579 1536 qua
593 1450 663 1516 fuit
678 1470 763 1516 uxor
777 1450 924 1536 Iteyueri
939 1450 981 1514 de
996 1450 1180 1532 Dunstau’,
1200 1451 1290 1536 petit
1305 1473 1420 1518 versus

266 1539 451 1606 Ricardum
464 1539 504 1606 de
516 1538 716 1624 Stylrelawe,
733 1537 940 1624 Margeriam
954 1539 997 1603 dc
1011 1538 1166 1624 Trwylr,
1177 1538 1363 1606 Robertum
1377 1540 1420 1604 de

266 1629 354 1694 Brus
377 1630 413 1691 et
435 1625 654 1705 Oristiauam,
671 1646 810 1691 uxorem
834 1627 930 1711 ejus,l
945 1646 1053 1689 unum
1068 1626 1278 1710 mesuagium
1293 1629 1329 1690 01
1352 1647 1420 1691 me-

265 1715 429 1780 dietatem
444 1714 586 1778 duarum
600 1713 797 1778 boratarum
807 1716 906 1778 terrae
918 1733 992 1777 cum
1005 1713 1222 1798 pertinentiis
1237 1712 1273 1776 in
1289 1713 1419 1778 Hoton’

261 1804 362 1888 juxta
376 1801 510 1866 Novum
526 1799 696 1879 Castrum,
712 1805 753 1865 ut
775 1800 831 1885 jus
849 1821 959 1880 suum,
975 1800 1011 1864 in
1034 1821 1108 1884 quae
1123 1798 1226 1866 iidem
1242 1801 1418 1880 Ricardus,

264 1889 446 1974 Margaia,
463 1888 631 1953 Robertus
645 1893 680 1952 et
703 1886 875 1952 cristiana
898 1909 966 1953 non
988 1887 1118 1952 habent
1140 1887 1331 1973 ingressum
1352 1887 1419 1952 nisi

264 1998 324 2063 per
337 1976 449 2040 Adam
465 1975 506 2040 de
522 1973 698 2055 Gescmue,
714 1975 769 2039 cui
783 1974 963 2059 praedictus
978 1975 1165 2059 Reynerus,
1181 1974 1352 2059 quondam
1367 1975 1419 2040 vir

263 2065 371 2149 ipsius
387 2062 579 2140 Matillidis,
595 2084 635 2127 ea
651 2061 793 2142 dimisit,
810 2061 866 2126 cui
881 2062 956 2147 ipsa
971 2061 1006 2125 111
1023 2062 1094 2126 vita
1110 2082 1172 2126 sua
1187 2063 1418 2128 contradicere

263 2172 332 2216 non
356 2150 562 2236 1101011010.
609 2149 1054 2235 011111111110,1101111111ο
1075 2148 1244 2214 Robertus
1268 2154 1304 2214 01
1329 2149 1419 2215 Cris·

261 2239 370 2318 tiana,
386 2258 446 2322 per
461 2240 674 2302 attornatum
688 2236 838 2322 ipsorum
855 2236 996 2301 Roberti
1011 2239 1047 2302 et
1063 2235 1253 2318 Oristiauae,
1263 2236 1416 2318 veniunt,

263 2335 299 2391 01
328 2323 439 2411 quood
468 2323 668 2408 pradictum
709 2324 938 2408 messuagium
972 2322 1091 2388 dicunt
1120 2324 1210 2407 quod
1236 2323 1417 2408 praedictus

261 2413 429 2478 Ricardus
445 2415 541 2475 tenet
552 2411 632 2476 inde
647 2411 863 2475 medietatem
879 2411 1071 2495 separatim.
1117 2411 1163 2474 ut
1172 2410 1291 2477 dicunt
1307 2412 1417 2496 quoad

263 2500 365 2567 uliam
389 2498 618 2579 medietatem,
643 2498 732 2582 quod
756 2497 823 2583 ipsi
846 2501 969 2564 tenent
991 2496 1086 2562 illam
1106 2497 1143 2561 in
1161 2499 1341 2579 communi,
1366 2499 1417 2565 ita

264 2587 350 2673 quod
376 2585 491 2651 nullus
517 2606 634 2652 eorum
659 2585 724 2651 scit
748 2584 828 2650 inde
853 2607 952 2650 suum
979 2584 1140 2671 separale,
1167 2586 1257 2652 unde
1284 2586 1417 2653 desicut

261 2675 338 2761 ipsa
352 2674 441 2760 petit
455 2673 653 2758 praedictum
669 2672 880 2757 mesuagium
895 2692 1012 2736 versus
1027 2693 1084 2737 eos
1100 2673 1136 2735 in
1152 2673 1332 2738 communi.
1371 2674 1417 2737 Et

261 2761 444 2849 praedictus
459 2760 626 2825 Ricardus
642 2762 738 2825 tenet
753 2759 833 2824 inde
848 2759 1066 2827 medietatem
1082 2760 1276 2844 separatim,
1292 2765 1416 2845 petunt

258 2849 424 2936 judicium
441 2848 482 2912 dc
497 2847 591 2912 brevi
608 2868 679 2926 suc,
696 2850 759 2912 010.
806 2847 852 2911 Et
875 2846 1022 2911 Matilda
1043 2846 1128 2912 dicit
1150 2849 1240 2931 quod
1262 2848 1416 2932 praedicti

262 2937 440 3016 Ricardus,
457 2934 641 3019 Margeria,
657 2933 827 3000 Robertus
843 2938 878 2999 et
894 2933 1067 3000 Oristiaua
1081 2936 1202 3001 tenent
1216 2935 1416 3020 praedictum

263 3023 475 3107 mesuagium
491 3022 527 3086 in
544 3021 714 3088 communi
729 3024 764 3086 01
779 3024 965 3086 tenuerunt
977 3021 1032 3086 die
1043 3021 1292 3106 impetrationis
1308 3022 1416 3089 brevis

262 3111 326 3191 sui,
343 3109 482 3188 scilicet,
498 3109 576 3193 iiijto
590 3109 645 3174 die
660 3108 788 3194 Aprilis
805 3129 895 3173 anno
910 3109 1038 3173 domini
1059 3109 1163 3194 Regis
1174 3131 1267 3174 1111110
1282 3113 1415 3192 quarto.

261 3200 308 3263 at
323 3198 365 3262 de
381 3198 444 3261 hoc
459 3196 558 3281 ponit
573 3217 608 3260 sc
624 3217 725 3281 super
747 3195 903 3280 patriam.
949 3197 994 3259 Elt
1016 3195 1183 3261 Ricardus
1199 3202 1235 3261 et
1250 3196 1309 3260 alii
1325 3197 1416 3262 simi·

261 3285 350 3351 liter.
397 3285 478 3348 Ideo
494 3283 556 3346 fiat
571 3283 650 3348 inde
665 3283 790 3368 jurata.
837 3283 882 3346 Et
903 3283 1021 3348 dicunt
1044 3305 1144 3367 super
1167 3289 1414 3348 sacramentum

262 3395 361 3438 suum
399 3371 489 3456 quod
535 3371 689 3455 praedicti
735 3370 912 3450 Ricardus,
951 3369 1134 3455 Margeria,
1171 3370 1342 3436 Robertus
1381 3376 1417 3436 01

263 3459 434 3526 cristiana
463 3478 532 3521 non
555 3461 741 3522 tenuerunt
768 3457 935 3558 praedictis
959 3457 1013 3521 dic
1032 3461 1078 3557 'et
1103 3479 1192 3522 anno
1216 3459 1415 3544 pradictum

262 3544 1416 3718 111111111111111111111111111113

262 3721 512 3786 consideratum
529 3719 685 3803 estquod
708 3718 890 3803 praedictus
913 3718 1079 3784 Ricardus
1105 3719 1219 3785 etalii
1242 3720 1321 3786 inde
1343 3722 1415 3787 sine

262 3809 363 3873 dicet
384 3805 529 3870 Matilda
544 3804 650 3871 nichil
666 3805 779 3891 capiat
793 3827 854 3890 per
868 3805 1019 3890 juratam
1035 3807 1147 3888 istam,
1158 3812 1211 3872 set
1226 3807 1321 3872 sitin
1339 3807 1414 3872 mis’

261 3917 322 3981 pro
338 3893 428 3959 falso
443 3893 598 3969 clamore,
614 3897 677 3959 etc.

328 3983 375 4046 Et
408 3981 519 4066 quoad
560 3980 758 4065 praedictam
789 3983 916 4044 terram
953 3980 1071 4045 dicunt
1108 3981 1198 4066 quod
1234 3980 1415 4066 pradictus

262 4069 428 4135 Ricardus
464 4073 560 4134 tenet
592 4073 701 4132 totam
728 4068 926 4153 praedictam
959 4073 1097 4132 terram.
1151 4069 1197 4132 ut
1233 4070 1413 4154 pradictus

262 4157 429 4222 Ricardus
445 4155 529 4220 dicit
545 4154 634 4238 quod
654 4155 726 4239 ipse
741 4160 837 4221 tenet
858 4156 1001 4219 eandem
1017 4160 1140 4220 terram
1158 4156 1193 4219 111
1216 4161 1414 4242 purpartem

261 4245 303 4310 de
319 4243 509 4308 hereditate
521 4242 697 4327 cujusdem
707 4242 790 4307 Aua
801 4242 843 4306 de
860 4242 1035 4321 Gesemue,
1046 4242 1147 4307 simul
1159 4264 1237 4308 cum
1251 4245 1414 4328 pradicta

262 4331 444 4417 Margeria,
461 4330 534 4394 sine
551 4351 616 4413 qua
632 4350 701 4394 non
723 4334 837 4415 potest
853 4350 928 4394 eam
951 4330 1071 4396 ducere
1093 4329 1129 4392 in
1145 4329 1322 4415 judicium.
1368 4331 1414 4396 Et

313 4485 321 4518 ²
339 4486 438 4537 Robert
449 4485 480 4535 ds
493 4484 568 4546 Brus,
580 4484 624 4534 the
636 4483 791 4548 competitor
801 4485 842 4536 ior
853 4485 898 4536 the
911 4484 1003 4537 Oroun
1015 4484 1043 4538 of
1061 4485 1189 4549 scotland,
1197 4485 1308 4540 married
1326 4486 1413 4540 Chris-

261 4555 340 4616 tiana,
351 4552 441 4606 widou
452 4551 480 4604 of
491 4551 575 4604 Adam
587 4551 617 4605 de
629 4551 763 4605 Gesemuc.
