3272 5092
255 489 320 554 234
433 511 1028 572 sss1auaouu,1eoauumuaussu,
1054 489 1073 556 7
1096 512 1184 558 unu.
1208 511 1233 557 1.

254 685 369 730 versus
391 663 555 732 Davidem
571 666 612 731 de
628 665 839 750 Couplaundl
857 665 996 730 tcitiam
1015 670 1148 766 partem
1164 665 1308 730 duarum
1330 687 1405 750 par-

256 751 344 816 tium
373 752 475 817 unius
505 753 691 819 molendini
720 774 797 818 cum
827 751 1042 838 pertiuentiis
1071 755 1109 816 in
1138 752 1349 838 Couplaund,
1371 752 1408 816 in

254 859 356 922 quam
376 839 467 904 idem
491 839 601 904 David
625 861 695 904 non
718 839 823 906 habet
837 841 1028 926 ingressum
1043 839 1110 905 nisi
1129 861 1190 926 per
1209 841 1406 905 Samsonem

254 925 297 989 de
323 924 525 1010 Oouplauud
551 927 609 1012 qui
639 926 717 994 inde
746 926 888 1012 injuste,
912 930 991 1007 eta,
1018 926 1201 994 dissaisivit
1230 927 1407 1012 praedictcs

254 1011 438 1078 Ricardum
453 1019 487 1079 et
503 1013 709 1098 Margeriam
724 1018 802 1099 post
822 1014 977 1099 primam,
994 1017 1058 1081 etc.

319 1100 366 1164 Et
376 1101 488 1166 David
500 1101 594 1168 veuit
605 1105 641 1167 et
651 1101 819 1165 deffendit
825 1104 882 1185 jus
892 1122 990 1166 suum
1000 1101 1146 1186 quande,
1156 1103 1221 1167 etc.
1266 1102 1406 1167 liitbcne

254 1187 420 1252 deffendit
435 1189 524 1272 quod
540 1188 631 1253 idem
648 1191 790 1253 Samson
805 1209 876 1253 non
891 1187 1076 1254 dissaisivit
1093 1189 1271 1274 praedictos
1287 1188 1405 1252 Ricar-

253 1273 335 1338 dum
350 1278 386 1339 et
401 1274 618 1359 Margeriam,
629 1275 713 1342 dicit
724 1275 816 1342 enim
831 1275 922 1360 quod
932 1276 1023 1341 idem
1035 1276 1189 1357 Samson,
1200 1279 1298 1361 pater
1312 1297 1405 1354 suus,

252 1360 396 1426 intravit
418 1361 454 1426 in
476 1363 639 1448 praedicta
652 1363 758 1429 tertia
778 1367 877 1448 parte
897 1383 957 1448 per
971 1364 1141 1449 quandam
1156 1363 1307 1448 juratam
1327 1362 1406 1428 inde

253 1449 345 1513 inter
370 1450 461 1534 ipsos
488 1452 623 1536 captam
650 1471 722 1535 qua
745 1453 885 1515 vocatur
907 1450 1013 1517 fiisca
1037 1451 1159 1516 forciai
1183 1470 1295 1516 coram
1316 1449 1405 1516 vice-

253 1535 377 1601 comite
392 1536 492 1602 istius
508 1537 702 1618 comitatus,
718 1542 753 1602 et
767 1559 836 1603 non
852 1557 913 1622 per
927 1537 1075 1623 aliquam
1091 1537 1313 1606 disseisinam.
1360 1537 1406 1600 Et

252 1623 294 1687 de
320 1623 386 1689 hoc
410 1624 510 1708 ponit
536 1645 571 1689 se
597 1645 699 1710 snper
723 1625 900 1711 partriam,
921 1627 957 1690 et
982 1625 1150 1691 Ricasdus
1176 1628 1212 1690 et
1233 1623 1405 1709 Margeria

253 1710 420 1778 similiter.
466 1711 549 1779 Ideo
566 1713 627 1776 fiat
647 1712 726 1776 inde
746 1712 873 1796 jurata.
920 1712 1045 1778 Postea
1068 1711 1220 1798 praedicti
1238 1711 1404 1777 Ricardus

253 1803 288 1862 et
311 1798 484 1883 Margeria
507 1819 576 1862 non
600 1803 681 1863 sunt
703 1799 886 1884 prosecuti,
904 1799 981 1864 ideo
1006 1799 1073 1885 ipsi
1097 1804 1132 1866 ct
1157 1798 1262 1885 plegii
1286 1799 1340 1863 sui
1363 1798 1405 1863 de

251 1885 485 1970 prosequendo
500 1887 536 1950 in
551 1886 639 1966 mis’,
655 1891 851 1972 querantur
865 1886 1005 1952 nomina
1019 1886 1219 1974 plegiorum.

317 2089 471 2175 Rogatus
508 2091 612 2156 Barct
648 2091 690 2158 de
727 2091 926 2172 Burndon’,³
963 2091 1132 2156 Robeitus
1176 2089 1331 2170 Frcman,
1369 2093 1405 2155 et

251 2175 274 2240 J
276 2175 426 2242 ohannes
449 2178 564 2242 Dolfiu
581 2179 780 2264 optulerunt
801 2178 1128 2264 se111J2⁰dieversus
1149 2177 1343 2243 Johannem
1362 2177 1404 2243 da

252 2263 444 2348 Eslington'
460 2266 502 2329 de
527 2265 652 2350 placito
677 2267 766 2350 quod
788 2268 908 2331 teneat
929 2265 979 2332 eis
997 2264 1254 2331 conventionem
1274 2265 1404 2330 iactam

252 2349 342 2414 inter
359 2352 546 2416 Robe1tum
564 2352 780 2438 Wychelard,
797 2351 989 2418 awnoulum
1011 2351 1249 2438 praedictorum
1264 2352 1403 2437 Rogeri,

251 2437 393 2502 Robcrti
423 2443 458 2502 et
495 2438 664 2504 Johanuis
694 2439 821 2520 Dolfiu,
852 2441 949 2525 cujus
978 2440 1118 2505 heredes
1148 2439 1215 2540 ipsi
1245 2443 1337 2520 sunt,
1368 2443 1403 2504 et

250 2524 273 2588 J
274 2525 442 2590 ohannem
458 2525 499 2592 de
515 2526 712 2612 Elingham,
724 2534 848 2592 auum⁴
862 2526 1016 2613 praedicti
1027 2527 1050 2591 J
1051 2527 1196 2591 ohannis
1212 2527 1253 2591 de
1268 2525 1404 2612 Esling-

250 2617 321 2686 ton,
338 2612 437 2698 cujus
453 2613 550 2678 heres
567 2615 639 2699 ipse
655 2619 718 2695 est,
735 2615 776 2679 dc
793 2632 868 2679 uno·
877 2613 1072 2680 molendino
1086 2635 1164 2678 cum
1186 2612 1403 2698 pertinentiis

250 2699 287 2761 in
314 2699 518 2784 Eslington’.
562 2701 609 2766 Iu
634 2701 707 2786 ipse
731 2723 800 2767 uon
823 2701 917 2768 veuit
940 2705 975 2765 et
998 2701 1113 2785 piures
1136 2699 1221 2766 fecit
1243 2699 1399 2766 defaltas.

249 2785 333 2851 Ideo
348 2792 552 2872 pracceptum
564 2791 617 2853 est
628 2789 816 2855 vicecomiti
829 2789 917 2872 quod
929 2787 1115 2873 distringat
1127 2807 1204 2852 eum
1215 2807 1275 2872 per
1286 2808 1403 2852 omnes

250 2877 369 2954 terras,
400 2879 464 2938 etc.
510 2873 568 2940 Ita
596 2875 687 2959 quod
716 2877 757 2942 de
787 2874 945 2956 exitibus,
973 2878 1037 2939 etc.
1083 2875 1130 2938 Et
1159 2874 1247 2959 quod
1277 2874 1404 2940 habeat

250 2980 370 3045 corpus
383 2961 458 3046 ejus
473 2963 562 3048 apud
576 2963 765 3028 Eboracum
781 2963 817 3027 in
834 2962 973 3029 Oetabis
986 2961 1120 3028 Sanctae
1134 2961 1326 3043 Trinitatis,
1336 2965 1402 3028 etc.

313 3150 432 3215 Assisa
447 3151 541 3216 venit
565 3151 783 3236 recognitum
807 3151 837 3215 si
867 3151 1041 3217 Johannes
1065 3150 1107 3216 dc
1134 3149 1279 3235 Hyrluu,
1303 3153 1403 3236 pater

249 3236 414 3302 Willclmi
435 3239 476 3302 de
503 3237 647 3323 Hyrlau,
672 3238 731 3322 qui
755 3237 849 3302 inira
868 3243 1004 3303 aetatem
1031 3241 1094 3318 est,
1109 3241 1150 3301 ut
1174 3237 1309 3318 dicitur,
1332 3238 1403 3302 fuit

249 3325 393 3409 seysitus
418 3325 454 3388 in
479 3325 649 3390 dominico
675 3347 737 3390 sno
757 3331 796 3391 ut
821 3324 862 3391 dc
888 3325 989 3392 feodo
1012 3324 1053 3389 de
1078 3345 1135 3390 sex
1160 3324 1344 3410 mesuagiis
1367 3328 1402 3392 ct

249 3411 372 3495 septies
388 3410 513 3497 viginti
537 3411 624 3477 acris
648 3416 748 3477 terrae
763 3433 840 3478 cum
866 3411 1083 3514 pertinentiis
1105 3411 1142 3476 in
1166 3412 1344 3498 Hynghou
1366 3416 1401 3477 et

248 3497 437 3564 Hervcslau
467 3499 522 3566 die
552 3520 629 3583 quo,
660 3503 724 3564 etc.
771 3500 817 3564 Et
847 3521 888 3580 s1,
918 3503 981 3567 etc.
1042 3499 1124 3580 Quae
1153 3497 1328 3564 Giibcrtus
1358 3499 1400 3564 de

249 3585 427 3653 Unfruvilc
448 3589 556 3666 tenet,
573 3587 631 3671 qui
645 3585 739 3652 venit
754 3589 790 3651 et
811 3586 897 3652 benc
918 3587 1093 3672 cognoscit
1108 3585 1198 3670 quod
1219 3586 1400 3671 pradictus

246 3673 433 3753 Johanncs,
449 3673 492 3738 de
518 3673 616 3758 cujus
643 3678 761 3754 morte,
786 3677 863 3754 etc,
882 3673 967 3740 obiit
993 3672 1141 3758 seysitus
1167 3674 1205 3737 in
1231 3673 1400 3739 dominico

249 3780 311 3824 suo
336 3765 376 3825 ut
409 3761 451 3824 de
479 3760 581 3826 feodo
612 3765 647 3826 et
675 3764 754 3846 post
782 3761 978 3842 terminum,
1008 3763 1085 3842 etc,
1115 3765 1151 3828 et
1182 3761 1271 3846 quod
1309 3760 1401 3826 idem

248 3846 440 3912 Willeimus
465 3850 518 3912 est
543 3847 641 3913 heres
667 3847 774 3933 ipsius
797 3848 968 3914 Johanuis
990 3847 1221 3949 propinquior,
1238 3852 1291 3912 set
1315 3846 1400 3914 dicit

247 3934 338 4019 quod
373 3935 554 4021 pradictus
591 3935 776 4016 Johanncs,
807 3939 905 4020 pater
940 3935 1048 4021 ipsius
1078 3933 1254 4016 Willelmi,
1285 3935 1399 4001 tenuit

247 4021 409 4108 praedicta
433 4025 631 4088 tenementa
657 4023 698 4089 dc
725 4023 799 4108 ipso
825 4021 861 4086 in
885 4023 1007 4109 capite,
1031 4025 1110 4107 post
1136 4022 1235 4108 cujus
1255 4025 1398 4088 mortem

281 4228 796 4295 ¹DaviddeCouplandwasassesssdou
880 4229 990 4297 'Roget
1006 4229 1207 4282 Baretamcssed
1223 4230 1264 4283 ior
1371 4229 1401 4282 in

247 4297 325 4362 goods
341 4298 369 4347 iu
386 4297 520 4362 Oouphnd
535 4298 577 4348 ior
594 4297 688 4349 Subsid
717 4297 746 4349 in
762 4301 797 4348 24
961 4298 1073 4360 Bentou,
1089 4297 1140 4349 aud
1157 4296 1255 4350 Robsrt
1337 4313 1399 4349 man

247 4363 358 4415 Edward
369 4363 392 4415 1.
405 4365 472 4431 (Lep
486 4365 605 4430 Βυόσίὀμ,
617 4313 715 4430 les-li.
846 4364 876 4416 iu
911 4362 1401 4428 affertoniorSubsid,in241idward

247 4427 382 4550 w’dimh
396 4429 464 4484 force
475 4445 505 4484 or
518 4447 534 4483 a
548 4432 619 4484 foros
629 4431 695 4484 done
705 4429 798 4482 within
847 4431 872 4484 1.
882 4431 954 4551 iffi
966 4431 1084 4498 Μαίας,
1096 4379 1195 4494 Itali.
1221 4488 1224 4500 Ι

324 4511 362 4562 ys.
943 4512 1049 4551 rm.
1192 4533 1206 4546 ,ι
