3280 5112
259 532 302 597 56
411 551 526 597 sssms
549 552 648 613 nona,
672 551 1012 613 uonnnunnnnnlun,
1036 531 1079 598 40
1102 554 1185 599 nnn.
1208 553 1263 597 111.

258 706 435 772 voluntate
449 705 601 790 praedicti
616 705 785 807 Hugonis,
798 706 980 792 patrissui.
1025 707 1072 771 Et
1082 707 1173 773 unde
1184 705 1291 772 nichil
1301 705 1417 786 habet,

259 797 325 860 etc.
373 795 419 858 Et
433 793 524 858 unde
537 793 690 878 pnaedicti
699 793 893 860 Willelmus
908 798 944 862 et
953 795 1136 880 Mesgeria,
1146 815 1207 879 per
1221 795 1417 859 stornatum

259 881 366 965 ipsius
391 879 579 965 Mavgerise,
606 880 726 946 dicunt
754 881 846 965 quod
875 903 953 948 cum
982 882 1195 948 convenisset
1229 881 1298 964 (sic)
1328 880 1419 945 inter

262 967 456 1053 Hugonem,
471 971 603 1052 patrem
619 967 771 1053 pnaedicti
786 968 941 1050 Waltcri,
957 973 994 1034 et
1016 970 1188 1053 Rogerum
1210 968 1252 1033 de
1275 966 1418 1050 Merlay,

261 1057 392 1139 patrem
404 1053 572 1139 praedictae
581 1054 770 1140 Margeriae,
786 1055 885 1140 cujus
901 1056 999 1122 heres
1014 1057 1089 1140 ipsa
1104 1057 1166 1134 est,
1182 1054 1226 1119 ad
1242 1053 1419 1120 ecclesiam

260 1140 303 1206 de
314 1142 550 1226 Morthpathe¹
565 1141 620 1208 die
635 1141 740 1208 Lunae
754 1143 908 1227 proxima
921 1146 999 1228 post
1013 1142 1290 1207 Purificationem
1305 1141 1420 1206 Beata

262 1228 380 1294 Mariae
403 1249 494 1293 anno
517 1227 673 1314 xxxvij0,²
696 1229 787 1313 quod
810 1230 989 1314 paedictus
1011 1229 1216 1315 [Walterus]
1236 1228 1419 1294 deduceret

262 1316 459 1400 praedictam
475 1315 681 1400 Margeriam
695 1315 733 1379 in
747 1337 895 1396 uxorem,
911 1319 947 1382 et
962 1317 1052 1402 quod
1069 1316 1249 1400 pnedictus
1265 1316 1420 1400 Rogerus

262 1404 305 1468 de
320 1401 452 1486 Mes-lay
475 1403 573 1467 daret
598 1402 635 1466 in
649 1403 832 1487 maritagio
846 1425 923 1469 cum
938 1403 1100 1487 praedicta
1111 1403 1282 1489 Margeria
1297 1399 1420 1486 viginti

262 1489 404 1554 libratas
418 1493 517 1554 terrae
532 1511 609 1554 cum
623 1490 850 1573 pertinentiis,
862 1493 898 1555 et
913 1492 1002 1574 quod
1016 1490 1196 1574 praedictus
1206 1490 1311 1574 Hugo
1323 1489 1421 1552 daret

263 1577 425 1661 praedicto
449 1575 614 1656 Waltero,
639 1576 709 1640 filio
737 1597 808 1656 suo,
833 1577 956 1662 viginti
981 1577 1124 1642 libratas
1143 1579 1241 1642 terne
1255 1597 1332 1642 cum
1347 1595 1421 1659 per-

264 1663 420 1729 tinentiis
432 1662 468 1725 in
478 1662 647 1747 praedictis
653 1661 791 1728 villisad
801 1664 986 1728 dotandum
995 1664 1191 1749 pnedictam
1200 1662 1419 1748 Margariam3

263 1754 300 1815 et
323 1750 403 1835 quia
425 1748 606 1833 praedictus
630 1750 734 1834 Hugo
757 1771 827 1814 non
850 1751 964 1834 potuit
987 1751 1150 1816 interesse
1164 1750 1224 1814 ubi
1239 1750 1419 1835 pmdictus

264 1836 440 1902 Walterus
463 1835 680 1919 desponsavit
704 1836 898 1921 pnsdictam
914 1837 1133 1923 Margeriam,
1151 1837 1317 1903 concessit
1332 1835 1422 1921 quod

265 1923 420 1989 mitteret
434 1922 518 1987 duos
533 1923 671 2003 milites,
689 1924 825 1989 nomine
852 1946 924 2003 suo,
941 1925 983 1989 ad
1010 1925 1310 1989 concenssiendum
1328 1927 1364 1988 et
1379 1922 1423 1986 ad

263 2031 438 2076 assensum
462 2010 679 2094 praebendum
702 2011 863 2094 praedicto
887 2011 1041 2077 Waltero
1065 2012 1155 2095 quod
1178 2012 1315 2076 dotaret
1340 2031 1422 2094 prae-

264 2097 391 2162 dictam
422 2097 629 2181 Margeriam
666 2097 708 2162 de
738 2097 905 2181 praedictis
934 2099 1035 2164 terris
1064 2098 1101 2162 in
1137 2097 1348 2182 Dodington'
1386 2099 1422 2162 et

263 2183 406 2270 Nesbyt,
423 2187 458 2249 et
481 2184 572 2268 quod
595 2184 791 2268 predictam
815 2186 1073 2250 conventionem
1087 2187 1232 2264 teneret,
1249 2187 1322 2248 tam
1336 2204 1421 2269 prae·

263 2271 375 2336 dictus
399 2271 554 2356 Rogerus
582 2292 683 2354 quam
709 2272 813 2356 Hugo
837 2271 874 2335 in
903 2272 1060 2337 manibus
1086 2271 1232 2336 Abbatis
1256 2271 1298 2336 de
1324 2269 1421 2335 Novo

264 2358 475 2424 Monesterio
491 2362 526 2422 et
548 2357 674 2422 Peioris
690 2358 731 2423 de
748 2358 1011 2424 Hextildesham
1026 2359 1232 2438 affidassent,
1254 2357 1318 2443 [et]
1338 2379 1421 2442 prae-

264 2445 376 2509 dictus
391 2443 486 2508 misit
502 2445 586 2508 duos
601 2444 727 2509 milites
740 2466 829 2527 suos,
845 2445 985 2527 scilicet,
996 2446 1017 2509 J
1019 2445 1189 2511 ohannem
1204 2446 1245 2511 de
1256 2443 1422 2509 Haulton'

263 2535 299 2598 et
314 2532 503 2597 Robertum
518 2530 560 2596 de
577 2531 740 2612 Camhou,
754 2531 798 2596 ad
813 2533 977 2618 capellam
992 2534 1034 2598 de
1046 2533 1284 2617 Herpescotes,
1301 2532 1422 2597 scitam

263 2619 301 2682 in
316 2619 420 2683 Curia
433 2617 586 2702 pmdicti
601 2618 728 2703 Rogeri
746 2619 788 2684 de
804 2619 944 2704 Merlay,
962 2620 1006 2684 ad
1020 2620 1219 2704 praedictum
1234 2640 1420 2700 assensum,

263 2706 400 2771 nomine
416 2726 489 2783 suo,
504 2703 719 2784 faciendum
741 2706 800 2789 qui
810 2706 854 2770 ad
868 2707 1063 2791 praedictam
1079 2706 1243 2791 capellam
1258 2708 1424 2773 venerunt

264 2793 319 2859 die
335 2813 401 2876 quo
416 2791 595 2876 pnaedictus
612 2790 786 2857 Walterus
809 2793 1005 2877 pnsdictam
1029 2795 1261 2880 Mangaretam
1284 2793 1423 2878 dispon-

265 2881 364 2960 savit,
377 2877 517 2958 scilicet,
531 2877 586 2944 die
598 2878 778 2944 Dominica
786 2881 940 2964 proxima
949 2881 1115 2964 sequenti,
1128 2884 1164 2946 et
1176 2882 1424 2961 concessenmt,

265 2967 402 3032 nomine
426 2965 532 3050 ipsius
556 2964 727 3047 Hugonis,
751 2967 841 3051 quod
864 2967 1044 3053 praedictus
1060 2966 1234 3034 Walterus
1257 2967 1367 3053 ipsam
1382 2967 1424 3032 de

266 3052 436 3139 pmdictis
465 3051 589 3137 viginti
617 3052 750 3117 libratis
779 3057 879 3119 teme
906 3055 944 3118 in
981 3054 1169 3120 Dodinton'
1199 3057 1236 3120 et
1272 3052 1424 3140 Nesebyt

265 3142 411 3219 dotaret,
428 3143 464 3205 et
487 3139 666 3222 pnaedictus
683 3140 856 3207 Walterus
873 3141 983 3226 ipsam
997 3141 1076 3207 inde
1091 3144 1175 3206 tunc
1191 3141 1333 3206 dotavit.
1378 3141 1425 3204 Ilt

265 3227 344 3292 inde
368 3226 559 3310 producunt
583 3230 722 3307 sectam,
748 3232 824 3308 etc,
850 3228 990 3308 scilicet,
1014 3229 1188 3314 Rogemm
1211 3228 1252 3293 dc
1269 3227 1425 3313 Merlay,⁸

266 3313 460 3379 Walterum
474 3312 506 3378 le
522 3312 728 3398 Ohapelayn,
746 3314 955 3380 Willelmum
970 3314 1012 3380 de
1028 3315 1196 3395 Camere?¹
1210 3314 1424 3380 Willelmum

266 3399 499 3485 Capelianum,
509 3398 729 3484 Radulphum
742 3399 899 3486 Gubyun,
911 3401 1096 3468 Ricardum
1111 3403 1153 3467 de
1170 3402 1294 3467 Sancto
1310 3401 1424 3481 Petro,

265 3491 302 3554 et
310 3489 333 3553 J
335 3488 504 3552 ohannem
515 3486 558 3551 de
569 3486 706 3568 Pleset’,
722 3491 758 3553 et
774 3488 822 3554 sic
837 3489 987 3554 offenmt
1001 3488 1138 3553 domino
1153 3490 1242 3574 Regi
1258 3511 1279 3553 v
1293 3509 1424 3554 marcas

267 3595 326 3660 per
344 3575 412 3659 (cic)
430 3575 479 3638 sic
502 3573 695 3657 inquiratur
717 3597 778 3658 per
800 3576 958 3660 patriam,
983 3579 1048 3641 etc.
1094 3576 1141 3640 Et
1160 3577 1264 3662 Hugo
1279 3577 1374 3641 venit
1389 3578 1425 3640 et

269 3661 444 3746 cognoscit
459 3661 550 3744 quod
565 3662 718 3743 quaedam
731 3663 927 3745 praelocutio
942 3663 1037 3727 facta
1058 3661 1128 3726 fuit
1150 3663 1242 3728 inter
1263 3663 1375 3747 ipsum
1390 3665 1426 3727 et

268 3750 442 3834 Rogerum
457 3748 498 3812 de
515 3747 658 3831 Merlay,
675 3751 807 3832 patrem
822 3749 989 3833 praedictae
1003 3749 1192 3834 Margeriae,
1208 3751 1250 3816 de
1265 3749 1426 3835 pnedicto

268 3835 462 3920 maritagio,
479 3834 538 3899 sed
557 3834 641 3898 dicit
665 3835 755 3918 quod
778 3837 957 3921 praedictus
974 3836 1158 3916 walterus,
1175 3837 1262 3901 filius
1278 3840 1314 3901 et
1328 3837 1426 3901 heres

270 3923 352 4008 ejus,
384 3921 519 4005 quando
548 3921 758 4005 dispensavit
784 3945 870 4003 eam,
900 3943 1094 4007 nuncquam
1124 3923 1166 3989 de
1196 3944 1337 3989 assensu
1366 3943 1427 3987 suo

269 4009 401 4074 dotavit
424 4008 533 4092 ipsam
557 4007 599 4073 de
622 4009 791 4092 praedictis
815 4011 878 4074 :aastl
892 4010 1025 4074 libratis
1048 4013 1157 4090 terrm,
1172 4031 1235 4076 nec
1258 4031 1427 4094 uncquam

269 4096 364 4161 misit
378 4095 556 4180 praedictos
572 4095 595 4159 J
596 4095 765 4161 ohannem
781 4100 817 4163 et
830 4096 1030 4179 Robertum,
1041 4097 1166 4163 milites
1182 4118 1270 4178 suos,
1287 4097 1332 4161 ad
1345 4117 1428 4183 prae·

303 4284 461 4350 ¹Morpeth.
905 4287 1051 4339 ⁴William
1089 4288 1121 4340 de
1165 4286 1273 4340 (lamera
1311 4285 1425 4338 married

301 4351 576 4418 ²6February1258.
872 4353 990 4414 Matilda,
1009 4355 1068 4405 dau.
1091 4355 1119 4405 oi
1140 4353 1259 4406 William
1281 4352 1424 4405 Redesdale

301 4417 313 4450 ⁸
330 4421 417 4485 Roget
428 4419 460 4470 de
479 4418 588 4483 Marley,
605 4418 693 4469 father
704 4417 733 4470 oi
743 4418 816 4470 Mar·
873 4417 1070 4486 (Fletofllm,
1078 4423 1234 4484 Noctem,
1242 4423 1277 4472 80
1285 4421 1352 4472 Hes.
1359 4420 1425 4482 111,

268 4489 344 4605 Ἢ
353 4502 383 4539 οι·
401 4484 487 4552 Mavy,
499 4485 558 4538 viic
569 4485 596 4536 of
607 4484 724 4538 william
736 4485 820 4552 Grey-
872 4487 923 4539 No.
936 4489 1007 4550 100).

270 4569 282 4605 s
311 4569 351 4605 c.
