3264 5110
398 588 513 635 sssrzu
531 589 627 651 nom,
651 587 986 648 uoarsuusnansun,
1012 565 1029 632 7
1053 586 1140 632 nnw.
1163 587 1188 632 1.
1306 562 1370 628 279

224 746 259 808 et
273 742 436 808 Thomam
452 743 493 809 de
508 743 634 828 placito
650 763 753 828 quare
761 742 827 828 ipsi
842 740 1020 808 simuloum
1030 740 1190 828 praedicto
1204 738 1366 817 Henrico,

223 850 299 894 cum
322 831 413 895 idem
434 831 532 896 Prior
550 831 702 915 quaedam
723 829 834 897 averia
852 831 889 894 in
912 829 1055 914 separali
1074 831 1215 914 pastura
1237 848 1300 892 sua
1324 825 1366 890 de

224 917 401 982 Aldeston'
418 918 571 1004 cepisset,
588 921 623 983 et
641 938 691 999 ea,
709 918 892 984 secundum
915 917 1025 1003 legem
1039 919 1075 982 et
1091 913 1368 981 consuetudinem

225 1005 822 1177 litlellgilriillliahllillll
841 1003 1138 1176 illilRillil
1163 1001 1369 1156 {illini

225 1177 401 1263 inparcata
428 1179 582 1260 fuerunt,
611 1179 790 1265 fregerunt
814 1113 848 1246 ll
872 1177 986 1244 averia
1008 1177 1068 1243 illa
1089 1176 1311 1255 abduxerunt,
1333 1177 1370 1240 et

223 1267 377 1332 homines
388 1265 626 1351 ipsiusPrioris
637 1266 763 1332 ibidem
773 1267 928 1332 inventos
938 1263 1367 1346 verberaveruntvulnera-

224 1357 357 1434 verunt,
385 1356 420 1418 et
445 1354 752 1440 inprisonaverunt,
783 1357 818 1420 et
848 1353 916 1418 alia
941 1352 1092 1419 enormia
1116 1350 1225 1418 eidem
1258 1346 1369 1413 Priori

224 1440 350 1506 ibidem
374 1440 574 1522 intulerunt,
605 1442 648 1506 ad
677 1441 860 1526 dampnum
885 1440 992 1525 ipsius
1016 1439 1143 1506 Prioris
1169 1436 1291 1522 viginti
1318 1437 1367 1516 li',

224 1531 260 1592 et
275 1532 392 1593 contra
407 1548 534 1612 pacem,
550 1534 613 1596 etc.
658 1529 704 1592 Et
719 1529 784 1613 ipsi
798 1549 868 1593 non
888 1529 1063 1594 venerunt.
1102 1527 1149 1590 Et
1162 1526 1367 1611 praeceptum

224 1613 295 1679 rut
314 1615 503 1681 vicecomiti
522 1616 612 1700 quod
627 1615 850 1702 distringeret
867 1634 923 1682 eos
939 1636 998 1699 per
1021 1634 1137 1680 omnes
1152 1617 1273 1693 terras,
1289 1615 1366 1691 etc,

224 1704 260 1768 et
286 1702 374 1786 quod
397 1703 439 1767 de
463 1702 619 1783 exitibus,
642 1706 719 1784 etc,
746 1707 782 1768 εὴ
812 1702 900 1787 quod
923 1702 1064 1768 haberet
1088 1720 1228 1784 corpora
1251 1718 1367 1765 eorum

223 1789 280 1854 hic
294 1789 339 1854 ad
354 1790 445 1855 hunc
465 1790 566 1854 diem.
612 1790 657 1854 Et
679 1790 863 1857 vicecomes
883 1789 990 1854 nichil
1003 1788 1084 1854 inde
1098 1788 1183 1854 fecit
1204 1789 1256 1852 set
1272 1806 1366 1850 man-

223 1876 318 1942 davit
341 1877 431 1962 quod
455 1877 608 1961 praedicti
631 1877 800 1942 Robertus
823 1881 859 1941 et
878 1876 1025 1941 Thomas
1040 1895 1109 1940 non
1124 1878 1205 1939 sunt
1225 1872 1366 1952 inventi,

224 1965 287 2028 etc.
341 1964 423 2030 Ideo
452 1970 656 2049 praeceptum
685 1967 739 2030 est
761 1962 951 2030 vicecomiti
980 1962 1068 2048 quod
1099 1961 1212 2046 capiat
1240 1981 1308 2040 eos,
1336 1958 1367 2024 si

223 2051 365 2130 inventi,
381 2054 457 2132 eto,
473 2055 509 2118 et
522 2051 623 2132 salvo,
639 2055 717 2131 etc,
742 2054 778 2117 et
793 2051 882 2136 quod
897 2051 1023 2116 habeat
1037 2069 1177 2134 corpora
1191 2067 1307 2113 eorum
1322 2046 1366 2111 ad

222 2137 403 2223 praefatum
414 2138 609 2220 terminum,
626 2142 690 2204 etc.
739 2139 785 2202 Et
800 2138 890 2204 unde
905 2138 1088 2204 vicecomes
1100 2134 1285 2216 mandavit,
1301 2138 1365 2200 etc.

287 2275 508 2361 Praeceptum¹
532 2275 601 2340 fuit
624 2275 814 2342 vicecomiti
843 2276 933 2361 quod
959 2274 1073 2340 venire
1098 2273 1228 2339 iaceret
1253 2293 1369 2358 recog-

223 2360 350 2428 nitores
366 2361 479 2428 assisae
493 2383 588 2428 novae
602 2363 797 2442 disseisinae,
823 2383 895 2448 quaa
910 2361 1116 2428 summonita
1130 2359 1201 2425 fuit
1216 2362 1252 2424 et
1267 2363 1368 2445 capta

224 2471 335 2515 coram
347 2448 546 2534 justiciariis
562 2450 690 2514 domini
708 2449 846 2516 Henrioi
862 2449 978 2535 Regis,
994 2449 1101 2534 patris
1118 2446 1247 2513 domini
1261 2447 1366 2532 Regis

224 2559 325 2617 nunc,
340 2536 462 2602 ultimo
477 2536 728 2622 itynerantibus
744 2538 780 2601 in
801 2538 967 2603 comitatu
981 2537 1060 2617 isto,
1076 2535 1167 2600 inter
1180 2533 1368 2599 Robertum

223 2625 264 2690 de
292 2624 467 2690 Dorciord
496 2629 532 2690 et
561 2623 781 2710 Radulphum
809 2624 915 2690 filium
948 2623 1084 2708 Regem,
1116 2623 1158 2688 de
1188 2642 1368 2687 commune

222 2715 369 2796 pasturae
399 2711 436 2775 in
460 2711 574 2776 North
600 2711 794 2778 Charleton'
821 2711 865 2776 ad
888 2709 1144 2777 certificandum
1166 2707 1367 2793 justiciariis

222 2798 290 2880 hic,
306 2802 370 2865 etc.
416 2799 462 2864 lit
484 2799 574 2864 unde
596 2799 775 2884 pradictus
799 2798 968 2864 Robertus
988 2797 1176 2882 dicitquod
1192 2795 1366 2880 cumipse,

223 2885 307 2951 alias
323 2906 435 2952 coram
449 2885 602 2971 praefatis
624 2885 836 2972 justiciariis,
858 2888 997 2970 questus
1023 2883 1148 2950 fuisset
1174 2883 1262 2968 quod
1285 2904 1368 2967 prae-

223 2971 335 3039 dictus
358 2973 525 3040 Robertus
551 2973 687 3059 injuste,
714 2982 790 3054 eto„
814 2971 998 3038 disseisivit
1023 2993 1100 3037 eum
1124 2971 1166 3036 (le
1189 2991 1368 3036 commune

222 3065 370 3145 pasturae
384 3059 421 3124 in
436 3060 615 3144 quinquies
630 3059 755 3147 viginti
771 3060 857 3126 acris
872 3062 1020 3144 pastura
1031 3063 1067 3124 et
1079 3079 1179 3124 morse
1193 3057 1230 3121 in
1245 3057 1366 3141 quibus

223 3167 438 3212 communare
450 3147 579 3212 solebat
594 3169 670 3213 oum
682 3147 883 3212 omnimodis
893 3145 1015 3212 averiis
1026 3167 1087 3230 per
1101 3150 1212 3210 totum
1227 3165 1366 3223 annum,

224 3255 262 3298 ac
277 3233 367 3298 idem
381 3233 582 3319 Radulphus
597 3255 710 3300 coram
730 3234 779 3300 eis
794 3234 975 3318 allegasset
995 3232 1085 3316 quod
1100 3231 1172 3317 ipse
1188 3228 1366 3316 appruavit

223 3319 288 3385 sibi
303 3321 339 3384 in
353 3321 523 3407 praedictis
538 3321 717 3406 quinquies
740 3321 865 3406 viginti
888 3321 985 3400 acris,
1012 3319 1101 3385 sicut
1124 3319 1155 3384 ei
1169 3319 1253 3385 bene
1268 3317 1366 3383 licuit

222 3429 283 3492 per
308 3408 532 3493 provisionem
562 3408 603 3473 de
634 3409 801 3489 Mertone,
832 3430 871 3474 eo
901 3407 991 3493 quod
1026 3406 1098 3491 ipse
1128 3409 1180 3472 est
1210 3402 1366 3491 capitalis

223 3493 378 3559 (lominus
393 3495 498 3560 feodi.
535 3495 581 3560 lit
596 3497 685 3562 unde
701 3495 784 3560 dicit
800 3495 890 3579 quod
903 3495 1073 3578 juratores
1088 3493 1238 3578 praefatae
1253 3492 1366 3557 assises

222 3581 335 3647 minus
350 3582 554 3648 sufficienter
569 3581 753 3648 examinati
762 3582 902 3649 fuerunt
913 3581 950 3645 in
959 3582 1033 3660 hoc,
1042 3580 1131 3665 quod
1141 3601 1209 3644 non
1223 3579 1366 3644 fuerunt
1435 3624 1452 3644 .-

222 3668 408 3734 eraminati
435 3669 464 3734 si
488 3669 578 3734 idem
601 3670 769 3735 Robertus
795 3668 935 3735 haberet
960 3667 1104 3735 liberum
1118 3667 1308 3751 ingressum
1331 3669 1367 3730 et

222 3756 349 3821 exitum
362 3757 405 3822 ml
416 3759 591 3841 pasturam
606 3778 712 3838 suam,
729 3760 791 3822 ete.

286 3843 333 3907 Et
342 3842 542 3927 Radulphus
552 3843 645 3908 venit
654 3849 690 3909 et
701 3843 785 3909 dicit
800 3842 889 3928 quod
901 3839 1100 3909 certificatio
1114 3840 1194 3906 inde
1210 3839 1283 3906 fieri
1297 3860 1367 3906 non

221 3929 333 4011 debet,
350 3931 430 4015 quia
444 3929 529 3995 dicit
550 3931 639 4016 quod
657 3931 818 4016 praeliata
843 3931 950 3996 assisa
975 3928 1170 3994 examinata
1194 3927 1265 3992 fuit
1288 3948 1366 3992 cum

220 4017 335 4085 liberis
358 4017 514 4102 ingressu
535 4022 571 4082 et
593 4039 739 4104 egressu.
786 4017 853 4099 Qui
872 4017 1008 4102 quidem
1021 4018 1190 4101 juratores
1208 4015 1367 4079 dixerunt

222 4105 311 4189 quod
325 4105 466 4170 haberet
480 4103 807 4191 liberosingressum
819 4108 853 4169 et
870 4125 1040 4190 egressum
1050 4103 1094 4167 ad
1104 4105 1290 4188 pasturam,
1301 4107 1365 4166 ete.
1388 4175 1391 4182 ⁴

221 4193 267 4256 llt
281 4191 363 4276 quia
376 4194 441 4257 hoc
456 4190 546 4257 idem
561 4193 750 4258 convictum
763 4195 817 4257 est
831 4213 892 4277 per
905 4190 1034 4256 rotulos
1053 4189 1207 4275 ejusdem
1222 4187 1366 4268 itineris,

221 4279 471 4344 consideratum
486 4281 538 4344 cst
554 4279 643 4364 quod
657 4279 837 4364 praedictus
853 4278 1053 4364 Radulphus
1067 4277 1146 4344 inde
1162 4278 1235 4342 sine
1250 4277 1316 4356 die,
1333 4279 1368 4340 et

221 4367 389 4432 Robertus
413 4365 520 4431 nichil
541 4366 653 4453 capiat
674 4387 735 4452 per
758 4366 1037 4434 certificationem
1062 4365 1175 4447 istam,
1201 4367 1253 4430 set
1268 4362 1366 4429 sitin

220 4453 297 4520 mis'
311 4473 374 4539 pro
388 4452 476 4519 falso
492 4451 647 4536 elamore,
664 4457 729 4520 eto.

312 4627 320 4659 ¹
339 4626 410 4681 Here
421 4643 464 4681 aro
474 4627 615 4681 mufinued
625 4627 671 4681 tho
681 4627 755 4682 Pleas
765 4628 806 4681 lor
816 4628 862 4681 the
873 4627 977 4694 Oounty
988 4627 1015 4680 ol
1026 4625 1272 4680 Northumberlmd.
