3272 5092
404 515 517 560 sssrnr
539 517 636 577 noun,
661 497 1169 577 ronrnnnsnnnsrn,581snn.
1194 517 1249 562 111.
1339 495 1402 560 209

252 667 359 748 todes,
376 668 514 750 scilicet,
533 669 725 738 Willelmus
741 671 782 739 de
802 671 1023 758 Toggesden',
1042 671 1152 736 Adam
1169 671 1210 737 dc
1225 670 1400 751 Plassetis,

253 754 362 820 Adam
380 756 503 838 Galun,
520 761 555 824 et
570 759 742 824 lohannes
763 759 805 824 de
827 759 1027 846 Kerstyrne.
1072 759 1115 823 In
1129 757 1345 845 longitudine
1359 758 1401 822 de

252 841 356 928 Blyth
371 845 441 908 sint
456 845 515 909 isti
531 846 697 926 custodes,
714 846 853 926 scilicet,
866 846 970 931 Hugo
985 847 1017 912 le
1032 847 1181 932 Vigurus
1197 849 1231 912 et
1249 847 1400 929 Rogerus

253 929 416 1016 Skanfyn.
477 932 520 995 In
549 933 763 1018 longitudine
789 933 830 999 de
856 933 954 1013 Alne,
981 934 1120 1015 scilicet,
1147 933 1188 1000 de
1215 932 1401 998 Alnemuth

251 1039 357 1102 usque
389 1019 573 1105 Alnewyk’,
605 1021 676 1086 sint
704 1021 763 1086 isti
790 1021 957 1100 custodes,
985 1022 1124 1102 scilicet,
1146 1021 1331 1085 Nicholaus
1359 1020 1400 1084 de

252 1103 411 1191 Hanekyl
428 1112 462 1173 et
476 1107 498 1171 J
501 1109 652 1172 ohannes
668 1107 709 1174 de
725 1108 922 1173 Alnemuth.
968 1108 1011 1172 In
1023 1108 1236 1194 longitndine
1249 1108 1291 1172 de
1306 1106 1401 1191 Tylle

252 1191 322 1256 sint
336 1192 396 1257 isti
411 1195 578 1275 custodes,
602 1195 740 1274 scilicet,
764 1195 938 1260 lohannes
957 1195 998 1262 de
1013 1196 1108 1263 Benl’
1125 1199 1161 1261 et
1175 1195 1343 1261 Robcrtus
1359 1195 1401 1258 de

254 1278 371 1346 Forde.
431 1281 474 1344 In
500 1281 715 1368 longitndine
739 1282 781 1347 de
808 1282 915 1348 Glene
938 1303 1045 1367 usque
1072 1281 1277 1349 Glenemuth
1302 1280 1402 1346 etde

251 1365 468 1433 Glenemuth’
490 1390 595 1454 usque
616 1371 658 1434 sd
680 1369 873 1436 libertatem
893 1369 934 1434 de
950 1370 1112 1449 Norham,
1129 1369 1199 1434 sint
1213 1368 1273 1433 isti
1289 1371 1401 1434 custo-

252 1453 320 1534 des,
344 1455 483 1536 scilicet,
506 1456 653 1523 Michael
669 1458 710 1522 de
725 1457 864 1543 Kyllum
880 1460 916 1522 et
931 1457 1060 1522 Alanus
1080 1457 1122 1521 de
1142 1456 1308 1520 Holthal’.
1354 1455 1401 1518 111

250 1559 366 1606 omnes
392 1542 449 1607 isti
476 1544 632 1610 custodes
657 1549 905 1609 sacramentum
921 1544 1051 1610 facient
1071 1564 1183 1609 coram
1204 1542 1399 1609 vicecomite

128 1683 132 1688 .
250 1630 340 1712 quod
364 1629 510 1694 fideliter
535 1635 570 1696 et
596 1631 780 1716 diligenter
801 1651 836 1696 se
857 1631 1030 1696 habebunt
1050 1631 1086 1694 in
1107 1630 1270 1716 praedicta
1289 1628 1399 1715 provi·

252 1716 345 1780 sicne
375 1717 605 1784 custodienda.
666 1719 711 1782 Et
741 1719 769 1784 si
800 1718 923 1803 aliquis
954 1719 1192 1804 predictorum
1222 1716 1400 1783 custodum

252 1803 384 1883 obierit,
411 1804 463 1868 vel
485 1805 643 1890 inpotens
667 1805 815 1891 corporis
833 1805 886 1870 sui
905 1805 978 1886 fiat,
1001 1805 1053 1870 vel
1069 1805 1239 1869 inutiliter
1253 1805 1290 1867 in
1306 1805 1402 1869 offico

250 1892 411 1976 proedicto
427 1913 462 1960 se
477 1893 630 1977 gesserit,
652 1897 687 1957 et
706 1913 806 1978 snper
825 1893 890 1958 hoc
905 1893 1079 1958 convictus
1094 1893 1211 1972 fuerit,
1227 1891 1313 1956 alius
1328 1891 1403 1955 loco

250 1977 357 2063 ipsius
385 2000 446 2063 per
475 1980 581 2045 socios
612 2001 690 2046 suos
720 1980 878 2065 eligatur,
909 1980 977 2064 qui,
1005 1979 1159 2065 praestito
1189 1981 1400 2044 sacramento

251 2085 362 2130 coram
387 2066 594 2148 vicecomite,
617 2067 693 2133 loco
712 2067 852 2133 alterins
876 2067 1114 2132 substituatur.
1161 2066 1264 2130 Retia
1287 2069 1401 2131 autem

251 2160 286 2218 et
297 2153 434 2238 ingenia
444 2175 659 2239 quaecumque
670 2155 763 2218 infra
774 2153 951 2240 praedictas
963 2175 1067 2239 aquas
1080 2157 1197 2219 contra
1205 2153 1402 2238 praedictam

249 2240 474 2325 provisionem
489 2242 629 2306 inventa
643 2241 784 2322 fuerint,
801 2262 914 2306 coram
933 2241 1102 2326 praedictis
1118 2240 1326 2321 custodibus,
1343 2239 1401 2324 qui

251 2348 291 2391 ea
306 2329 468 2412 ceperint,
485 2329 724 2394 conburentur.

314 2415 361 2478 Et
385 2415 558 2482 sciendum
584 2417 673 2500 quod
700 2419 794 2480 totus
821 2415 1002 2481 comitatus
1031 2415 1205 2482 consensit
1231 2414 1268 2478 in
1297 2414 1401 2478 istam

250 2501 476 2587 provisionem
491 2502 689 2568 duraturam
703 2503 867 2587 usquead
884 2503 1076 2588 proximum
1096 2502 1281 2567 adventum
1299 2501 1401 2586 justi-

251 2588 429 2654 ciariorum
446 2590 489 2654 ad
504 2591 619 2655 omnia
632 2589 759 2676 placita
773 2591 810 2653 in
824 2595 939 2675 partes
954 2590 1050 2670 istas,
1067 2589 1118 2654 ita
1133 2590 1222 2674 quod
1247 2588 1276 2653 si
1298 2588 1401 2652 comi-

250 2679 344 2741 tatus
374 2677 502 2742 adtunc
531 2678 567 2740 in
598 2678 692 2742 illam
729 2677 948 2756 consenserit,
978 2698 1039 2762 per
1075 2674 1284 2762 justiciarius
1323 2675 1399 2740 iHos

250 2765 434 2831 affirmetur
448 2765 501 2831 vel
516 2765 715 2831 emendetur
727 2765 913 2830 secundnm
934 2765 1023 2849 quod
1046 2765 1087 2829 de
1112 2784 1279 2830 consensu
1299 2761 1401 2827 comi-

251 2853 346 2916 tatus
362 2851 485 2917 viderit
500 2852 668 2939 expedire.

501 3041 650 3106 Pnscrrn
673 3040 785 3104 Bnrcr
808 3060 854 3103 nn
876 3038 976 3104 Novo
1002 3040 1145 3104 Cssrno.

313 3178 482 3244 Robertus
512 3179 554 3245 de
583 3178 801 3265 Merchynley
831 3181 866 3242 et
895 3177 1057 3257 Hawisia,
1095 3197 1181 3241 uxor
1218 3175 1305 3261 ejus,
1341 3176 1398 3260 qui

249 3265 403 3331 tulerunt
419 3267 559 3331 assisam
574 3287 669 3332 novae
684 3265 869 3330 disseisinoe
889 3285 1004 3329 versus
1027 3263 1211 3350 Hugonem
1234 3263 1276 3327 de
1300 3263 1398 3327 Pam-

249 3352 373 3438 puden’
401 3353 442 3418 de
467 3357 665 3419 tenemento
690 3353 727 3417 in
751 3353 848 3416 Novo
867 3351 999 3431 Castro,
1020 3372 1090 3416 non
1113 3353 1194 3416 sunt
1216 3350 1398 3436 prosecuti.

249 3441 332 3506 Ideo
343 3440 410 3526 ipsi
422 3443 457 3505 et
469 3440 573 3527 plegii
588 3440 641 3505 sui
657 3441 698 3506 de
712 3439 945 3525 prosequendo
960 3439 997 3502 in
1012 3438 1099 3519 mis',
1116 3438 1256 3517 scilicet,
1269 3437 1399 3503 Willcl-

249 3549 323 3593 mus
353 3527 443 3592 filius
473 3527 655 3614 Reginaldi
684 3528 725 3592 de
756 3527 852 3592 Novo
881 3526 1001 3592 Castro
1031 3530 1066 3592 et
1098 3525 1274 3590 Johannes
1306 3523 1396 3589 filius

249 3615 429 3680 Johannis.

313 3787 498 3853 Nicholnus
521 3787 609 3852 filins
632 3784 807 3866 willelmi,
831 3784 889 3869 qui
909 3783 991 3849 tulit
1012 3784 1112 3848 breve
1135 3782 1177 3847 de
1199 3803 1261 3848 avo
1280 3803 1396 3848 versus

251 3876 460 3961 Stephanum
475 3876 516 3940 de
532 3874 734 3940 Blakedenis
750 3874 791 3937 de
805 3875 1000 3938 tenemento
1016 3871 1051 3934 in
1067 3869 1163 3936 Novo
1179 3868 1310 3951 castro,
1327 3890 1395 3933 non

249 3969 302 4030 est
316 3966 524 4048 prosecutus.
570 3961 652 4026 Ideo
679 3961 752 4045 ipse
780 3963 815 4024 et
840 3958 946 4044 plegii
972 3958 1024 4023 sui
1049 3957 1090 4024 de
1114 3957 1345 4043 prosequendo
1361 3958 1397 4019 in

249 4050 335 4130 mis’,
366 4049 506 4128 scilicet,
537 4048 721 4114 Nicholaus
751 4046 792 4113 de
821 4044 918 4110 Novo
948 4045 1069 4111 Castro
1099 4050 1134 4109 et
1171 4044 1317 4109 Thomas
1355 4042 1397 4108 de

249 4138 388 4203 Heton’.

315 4292 498 4378 Mergeria,
514 4313 587 4376 quas
601 4290 672 4355 fuit
687 4310 771 4354 uxor
786 4289 869 4353 Adae
883 4287 971 4374 Elgy
993 4287 1034 4354 de
1055 4287 1151 4353 Novo
1174 4285 1307 4365 Castro,
1323 4305 1396 4368 quse

212 4437 216 4444 .
250 4379 332 4444 tulit
346 4381 445 4445 breve
460 4380 502 4443 de
516 4378 595 4445 dote
610 4398 725 4444 versus
747 4377 769 4441 J
772 4376 941 4440 ohannem
961 4375 1003 4440 de
1020 4372 1222 4459 Wychelard
1245 4373 1286 4436 de
1301 4377 1396 4436 tene-

250 4471 364 4535 mento
379 4467 416 4531 in
431 4467 528 4533 Novo
543 4466 675 4548 Castro,
690 4484 760 4529 non
774 4467 826 4532 est
841 4466 1030 4549 prosecuta.
1069 4461 1151 4528 Ideo
1160 4461 1235 4545 ipsa
1244 4463 1280 4526 et
1292 4459 1397 4544 plegii

1247 4567 1267 4612 Ρ
