3280 5112
361 515 475 561 nss1zn
499 515 596 578 noun,
620 516 960 578 nonsummum,
983 498 1027 562 lo
1049 517 1133 564 unu.
1157 517 1212 563 m.
1325 499 1366 563 68

210 669 257 734 Et
269 669 359 736 unde
371 673 502 735 cartam
512 691 608 735 suam
620 670 735 750 habet,
746 673 811 735 etc.
853 670 983 736 Postea
994 671 1175 757 pradictus
1190 673 1367 738 Johannes

207 756 303 822 venit
317 761 353 822 et
367 757 458 842 petit
471 756 647 823 licentiam
659 757 838 824 recedendi
853 757 895 823 de
910 759 1004 824 brevi
1019 780 1093 839 suo,
1109 763 1145 824 et
1160 759 1275 840 habet,
1287 759 1368 845 quia

210 865 350 930 pauper.

275 982 479 1068 Ranulphus
504 982 545 1046 de
572 981 742 1066 Lothyam
766 982 826 1046 dat
852 981 950 1046 xxls’
975 1004 1037 1068 pro
1061 982 1203 1048 licentia
1229 1005 1367 1050 concor-

209 1069 315 1134 dandi
345 1092 422 1136 cum
452 1068 620 1134 Nicholao
649 1069 720 1132 filio
752 1069 901 1134 Simonis
928 1070 969 1136 de
996 1071 1143 1152 Matien,
1171 1070 1213 1136 de
1238 1071 1367 1156 placito

208 1160 331 1222 terrae.l
375 1158 422 1220 Et
436 1156 587 1221 habeant
601 1156 862 1242 cyrogiaphum,
878 1159 943 1221 etc.
1354 1215 1357 1222 .

275 1301 453 1366 Johannes
480 1300 572 1366 filius
598 1301 739 1366 Ricardi
765 1302 807 1366 de
830 1301 1097 1388 Whynneteleg’
1123 1303 1185 1368 dat
1209 1304 1282 1366 lm'
1305 1324 1367 1388 pro

208 1387 350 1454 licentia
377 1388 604 1454 concordandi
635 1409 711 1453 cum
741 1389 877 1474 Rogero
907 1389 950 1454 de
979 1390 1141 1474 Monleg',
1169 1391 1211 1456 de
1239 1390 1367 1476 placito

207 1479 316 1540 terra.
362 1475 409 1540 Et
424 1474 576 1541 habeant
590 1475 850 1560 cyrographum,
870 1479 934 1542 etc.

276 1610 468 1676 Willelmus
483 1612 629 1696 Hayrun
645 1611 855 1677 attachiatus
870 1609 940 1676 fuit
955 1612 999 1676 sd
1014 1613 1287 1698 respondendum
1308 1614 1331 1679 J
1332 1635 1367 1678 o·

208 1698 317 1764 hanni
328 1698 408 1798 Nog
419 1698 461 1763 de
472 1698 600 1783 placito
611 1719 714 1783 quare
723 1699 925 1784 pradictum
935 1700 958 1764 J
959 1699 1130 1764 ohannem
1139 1701 1367 1784 inprisonavit

210 1790 246 1850 et
260 1786 374 1870 ipsum
389 1806 426 1848 in
441 1786 580 1870 prisona
592 1785 752 1866 detinuit,
769 1806 942 1870 quousque
957 1786 1001 1851 ab
1016 1807 1055 1852 eo
1071 1788 1217 1851 extorsit
1232 1792 1309 1852 octo
1323 1787 1367 1850 m’

209 1876 329 1938 contra
342 1893 472 1957 pacem,
489 1875 552 1936 etc.
597 1872 644 1936 Et
659 1872 749 1938 unde
765 1873 918 1956 queritur
933 1873 1022 1958 quod
1037 1874 1218 1958 praedictus
1234 1874 1366 1938 Willel-

209 1959 912 2131 ΞῗεέἷῗέῗέἕῗὲξξίἒῖἶθξῗὲωΝὲἓὲῗῑ
927 1959 1212 2113 tetulit
1224 1961 1368 2128 lille

208 2134 320 2218 ipsum
335 2133 435 2196 duxit
450 2133 486 2197 in
503 2137 652 2198 castrum
677 2133 830 2219 ejusdem
846 2132 934 2198 villae
949 2136 984 2200 et
999 2133 1127 2198 ibidem
1141 2134 1368 2219 inprisonavit

208 2219 363 2304 usquein
375 2220 536 2300 crastino,
549 2239 723 2304 quousque
735 2219 826 2284 idem
835 2220 858 2285 J
859 2220 1010 2285 ohannes
1021 2221 1122 2284 finem
1135 2220 1220 2286 fecit
1232 2243 1309 2286 cum
1326 2243 1366 2288 eo

207 2306 398 2391 perdecem
412 2307 467 2387 m',
484 2311 520 2371 et
542 2307 633 2372 unde
657 2307 689 2371 ei
709 2306 859 2373 reddidit
874 2310 951 2371 octo
966 2307 1010 2370 m'
1026 2311 1209 2392 antequam
1225 2309 1367 2393 permit·

208 2398 298 2458 teret
313 2393 426 2479 ipsum
441 2393 532 2458 exire
548 2394 590 2457 de
604 2395 743 2478 prisona
753 2393 825 2458 illa.
870 2393 971 2458 Unde
985 2393 1171 2478 dicitquod
1183 2395 1368 2461 deteriora-

206 2486 263 2546 tus
288 2485 341 2545 est
367 2482 403 2546 et
426 2480 612 2565 dampnum
637 2481 741 2548 habet
764 2481 809 2545 ad
832 2480 1017 2545 valentiam
1032 2481 1149 2547 decem
1163 2482 1219 2563 ω’,
1235 2487 1271 2550 et
1285 2483 1366 2548 inde

208 2567 367 2653 producit
383 2570 522 2647 sectam
539 2571 604 2633 etc.

274 2654 321 2719 Et
352 2653 543 2722 Willelmus
577 2654 671 2721 venit
695 2657 731 2720 et
761 2652 919 2719 defendit
947 2653 1147 2739 praedictum
1178 2655 1370 2740 inprisona

208 2745 362 2807 mentum
386 2745 421 2806 et
445 2740 605 2826 quicquid
629 2744 682 2806 est
706 2745 826 2806 centia
840 2761 969 2826 pacem,
986 2745 1050 2807 etc.
1096 2741 1223 2808 Postea
1237 2742 1366 2828 optulit

210 2849 246 2894 se
270 2830 359 2894 idem
382 2827 572 2893 Willelmus
588 2828 664 2913 fiijto
682 2827 737 2892 die
761 2849 876 2892 versus
901 2829 1045 2895 eundem
1071 2829 1094 2893 J
1096 2829 1276 2895 ohannem.
1321 2829 1369 2894 Et

208 2916 384 2981 Johannes
406 2936 476 2981 non
496 2915 591 2982 venit
614 2920 649 2980 et
674 2915 744 2980 fuit
769 2935 922 3000 querens.
969 2914 1052 2980 Ideo
1075 2915 1149 3000 ipse
1173 2915 1367 2982 willelmus

208 3004 288 3070 inde
303 3003 378 3068 sine
393 3001 458 3069 die.
503 3003 550 3066 Et
571 3001 750 3068 Johannes
772 3001 810 3065 in
834 3001 920 3067 mis'.
966 3002 1044 3068 Non
1068 3002 1202 3068 invenit
1215 3003 1367 3088 plegium

209 3112 272 3158 nec
288 3089 401 3154 fidem.
858 3097 861 3102 '

275 3209 443 3275 Ricandus
458 3208 491 3274 le
506 3209 611 3289 Lest’,
628 3207 687 3293 qui
701 3207 784 3272 tulit
798 3208 897 3273 breve
912 3207 1019 3274 debiti
1031 3227 1147 3274 versus
1158 3208 1370 3274 Willelmum

209 3297 426 3376 Malemfant,
452 3296 619 3361 Thomam
643 3294 676 3359 le
690 3293 879 3374 Faukener,
895 3299 930 3360 et
950 3295 1036 3360 alios
1053 3295 1090 3358 in
1105 3295 1209 3376 brevi,
1226 3297 1320 3362 veuit
1334 3299 1371 3362 et

210 3384 355 3449 retraxit
369 3405 416 3448 se.
461 3383 545 3449 Ideo
561 3383 633 3468 ipse
657 3386 692 3446 et
715 3381 820 3467 plegii
845 3382 898 3447 sui
921 3382 963 3447 de
983 3383 1216 3467 prosequendo
1230 3382 1268 3447 in
1283 3383 1371 3464 mis’,

211 3471 354 3552 scilicet,
379 3469 573 3534 Willelmus
597 3470 639 3535 de
663 3468 902 3553 chingtona
929 3471 965 3534 et
991 3469 1159 3534 Ricardus
1183 3470 1225 3534 de
1240 3469 1371 3554 Boyed-

211 3559 300 3638 ford,
317 3557 477 3622 clericus:
502 3556 609 3642 plegii
624 3555 821 3621 Ricardi'de
848 3554 926 3620 mis'
946 3577 1019 3635 sua,
1037 3556 1153 3620 Simon
1170 3556 1213 3620 de
1227 3557 1370 3642 Ryvele-

211 3649 321 3724 stone,
338 3644 508 3709 Robsrtus
524 3644 566 3708 de
581 3642 734 3707 Midford
748 3643 786 3707 in
802 3643 900 3708 Novo
916 3645 1047 3723 Castro,
1064 3646 1128 3709 etc.

278 3779 395 3846 Simon
424 3780 467 3845 de
496 3779 694 3845 Kersewell'
727 3778 904 3864 cognoscit
935 3778 1024 3863 quod
1054 3778 1156 3844 debet
1185 3778 1298 3844 Priori
1328 3779 1371 3846 de

211 3867 384 3953 Tynemue
399 3889 421 3932 v
434 3868 478 3932 m'
494 3867 536 3933 de
551 3867 619 3931 fine
645 3886 706 3931 suo
728 3865 822 3930 inter
845 3886 902 3932 eos
926 3865 1032 3944 lactc,
1048 3865 1090 3930 de
1115 3865 1236 3949 quibus
1252 3866 1372 3932 reddet

211 3953 243 4022 ei
259 3954 476 4020 medietatem
491 3955 536 4019 ad
550 3953 679 4019 festum
705 3951 824 4018 Sancti
844 3951 940 4017 Petri
956 3952 999 4016 ed
1014 3951 1151 4016 vincula
1166 3972 1257 4017 anno
1272 3953 1319 4032 xl,
1336 3955 1372 4018 et

211 4040 356 4107 alteram
381 4042 600 4108 medietatem
626 4040 671 4104 ad
699 4040 828 4106 festum
860 4038 978 4104 Sancti
1007 4037 1188 4103 Michaelis
1217 4040 1372 4124 proximo

211 4148 364 4214 sequens.
409 4129 456 4193 Et
470 4128 537 4193 nisi
551 4127 674 4194 fecerit
689 4125 845 4192 concedit
860 4126 951 4210 quod
964 4125 1148 4192 vicecomes
1163 4124 1238 4190 fieri
1253 4127 1371 4192 faciat.

277 4264 399 4351 Alyna,
415 4285 502 4330 uxor
515 4265 598 4330 Adae
612 4266 654 4330 de
669 4264 835 4345 Plesseto‚
850 4262 951 4347 ponit
965 4261 1039 4328 loco
1055 4283 1115 4327 suc
1126 4261 1315 4328 Robertum
1330 4264 1373 4330 de

244 4417 318 4470 1Βοο
351 4417 498 4485 Appendix,
528 4417 592 4470 me
621 4421 653 4483 cf
682 4417 768 4480 Roas,
855 4413 1321 4482 'Probablysimondscrssscwcll

211 4487 368 4552 Noram,
383 4487 446 4537 He».
461 4485 659 4552 HI.‚N0.1ao.
