3278 5104
353 589 466 638 acerra
489 591 589 655 aona,
611 593 949 659 nonrnunaaamsn,
972 577 1014 645 te
1036 597 1120 647 aar.
1142 599 1197 648 m.
1276 577 1339 647 147

192 744 230 810 in
262 744 384 832 quibus
422 747 670 817 communicare
706 750 837 818 solebat
873 773 949 819 cum
985 753 1187 821 omnimodis
1217 753 1336 823 averiis

192 831 274 914 suis,
296 836 448 921 tempore
478 858 499 903 a
541 839 606 902 rto.
650 839 697 903 Et
718 838 888 907 Hemicus
910 844 946 906 ct
968 841 1078 907 Maria
1100 862 1170 907 non
1183 841 1337 923 veniunt,

193 923 227 985 et
249 920 392 988 fuerunt
412 927 505 990 attae
533 922 594 988 'ati
622 946 683 1010 per
704 925 842 992 Aianun
870 927 977 993 filium
999 929 1140 997 Roberti
1165 930 1207 996 de
1233 929 1338 1017 Τρη-

193 1029 265 1093 wyc
287 1011 323 1074 et
346 1009 518 1078 Simonem
541 1011 772 1079 Braciatorem
795 1015 836 1080 de
860 1015 988 1097 eadem,
1005 1015 1080 1083 ideo
1104 1015 1170 1103 ipsi
1192 1017 1230 1082 in
1248 1017 1335 1083 mis’.

192 1095 238 1160 nt
267 1096 421 1182 capiatur
454 1099 560 1165 assisa
595 1120 709 1166 versus
739 1121 795 1167 eos
833 1122 894 1187 per
929 1103 1103 1170 defaltum.
1161 1104 1337 1172 duratores

191 1182 311 1249 dicunt
326 1205 427 1287 snper
441 1189 690 1253 sacramentum
703 1209 808 1260 ,suum
829 1189 918 1276 quod
939 1190 1092 1276 praedicti
1112 1191 1279 1257 Henricus
1303 1194 1337 1258 et

193 1270 304 1337 Maria
341 1271 614 1377 noeniverunn
629 1274 827 1377 pradictum
863 1277 1057 1380 iohannem
1093 1279 1154 1381 de·
1175 1279 1338 1364 praedicta

192 1366 1337 1538 etutitabutinus{stutttttttatttt

191 1537 366 1620 recuperet
387 1535 548 1602 seisinam
570 1557 666 1602 suam
689 1537 730 1602 de
752 1538 914 1623 predicta
935 1559 1114 1606 commune
1135 1561 1212 1607 cum
1227 1541 1336 1606 omni-

191 1622 300 1688 modis
316 1622 437 1688 averiis
460 1623 541 1703 auis,
557 1627 708 1710 tempore
730 1629 857 1711 aperto,
875 1629 910 1694 et
932 1626 1101 1693 Henricus
1117 1630 1153 1692 et
1175 1627 1286 1694 Maria
1300 1629 1337 1692 in

193 1707 278 1774 mis’.
324 1709 483 1795 Dampna
496 1711 545 1796 xij
559 1712 603 1778 d’.

257 1891 375 1956 Assisa
390 1889 485 1956 venit
499 1890 717 1976 recognitum
731 1891 761 1958 si
776 1890 950 1958 Gilbertus
964 1893 1007 1958 de
1028 1893 1270 1959 Humiramvill
1286 1894 1337 1958 in·

192 1979 285 2065 juste
314 1979 349 2043 et
378 1975 452 2043 sine
477 1976 605 2063 judicio
634 1978 816 2045 dissaisivit
840 1979 1050 2046 Willcimnm
1076 1981 1117 2047 de
1144 1979 1286 2066 Duglas¹
1302 1982 1338 2048 et

192 2063 445 2144 Oonstunciam,
456 2084 594 2130 uxorem
617 2065 703 2151 ejus,
719 2065 760 2132 de
782 2065 888 2131 libem
903 2069 1099 2132 tenemento
1115 2087 1176 2132 suo
1191 2067 1227 2131 in
1252 2067 1337 2134 Fau·

192 2153 282 2233 don',
305 2155 384 2238 post
404 2151 560 2240 primam,
577 2157 641 2219 etc.
686 2153 733 2217 Et
755 2153 846 2218 unde
867 2154 1021 2238 queritur
1042 2155 1132 2239 quod
1155 2153 1338 2220 dissaisivit

192 2260 248 2309 eos
275 2239 317 2306 de
339 2259 409 2304 uno
434 2239 618 2324 mesuagio,
634 2242 670 2304 et
693 2239 803 2304 tribus
825 2240 1003 2323 carucatis,
1019 2245 1055 2306 et
1080 2241 1226 2326 quinque
1251 2241 1337 2307 acris

191 2332 290 2394 ten-es
312 2346 389 2392 oum
410 2326 638 2412 pertinentiis.
682 2327 729 2391 Et
751 2326 924 2393 Gilbertns
946 2327 1102 2409 renitet
1124 2327 1231 2394 nichil
1253 2327 1339 2394 dicit

191 2434 294 2502 quare
317 2413 425 2479 assisa
446 2417 621 2480 remaneat
646 2413 713 2479 nisi
728 2416 865 2478 tontum
893 2415 982 2499 qnod
997 2414 1083 2480 dicit
1108 2415 1198 2500 qnod
1223 2415 1337 2501 aliquo

190 2507 341 2588 tempore
356 2499 487 2568 saisivit
500 2501 699 2585 praedictum
722 2504 954 2567 tenementum
968 2503 1004 2566 in
1019 2523 1159 2567 manum
1174 2523 1269 2567 suam
1278 2523 1338 2588 per

190 2609 296 2742 ppaeco
321 2592 396 2653 tum
410 2587 539 2653 domini
556 2587 724 2668 Edwardi,
741 2608 780 2654 eo
796 2589 885 2673 quod
899 2590 932 2654 ei
946 2589 1144 2673 imponebat
1158 2589 1252 2740 ‹puod
1265 2589 1338 2675 ipse

237 2677 294 2742 ille
343 2695 383 2740 us
408 2675 479 2740 fuit
493 2678 614 2740 eontra
635 2675 809 2741 dominum
824 2675 951 2761 Regem
974 2679 1010 2742 et
1031 2676 1142 2762 ipsum
1187 2697 1337 2741 ominum

190 2764 393 2830 Edwardum
404 2761 441 2826 in
455 2761 650 2828 turbatione
664 2781 772 2848 nuper
786 2762 907 2829 habita
928 2765 965 2827 in
986 2782 1094 2849 regno
1108 2762 1186 2844 isto,
1202 2765 1238 2828 et
1253 2763 1338 2829 dicit

189 2851 279 2938 quod
308 2854 426 2936 postea
454 2848 603 2914 reddidit
629 2849 660 2914 ei
690 2850 848 2914 seieinam
881 2850 1034 2935 pmdicti
1060 2849 1248 2916 tenementi
1277 2869 1338 2936 per

189 2942 394 3026 preceptum
413 2936 566 3022 praedicti
581 2935 710 3001 domini
731 2936 900 3018 Edwardi,
924 2936 1062 3018 scilicet,
1093 2937 1182 3002 circa
1210 2936 1337 3003 festum

223 3113 231 3146 ¹
249 3113 311 3166 'Phia
333 3111 451 3163 William
473 3109 588 3176 Douglas
613 3126 665 3162 was
691 3111 737 3163 the
787 3111 841 3163 iore
852 3111 1002 3163 mterwards
1018 3111 1169 3164 reseisedoi
1185 3110 1226 3162 his
1237 3127 1336 3165 manor.

190 3181 276 3232 iether
286 3180 313 3233 oi
324 3178 366 3230 Sir
376 3178 494 3230 William
504 3177 617 3243 Douglas
627 3177 685 3228 who
693 3179 737 3229 ab·
786 3178 861 3230 After
873 3177 963 3230 hehad
972 3179 1037 3230 been
1046 3177 1128 3231 seiced
1136 3179 1177 3229 ior
1189 3178 1263 3244 eight
1274 3179 1306 3230 da
1324 3195 1336 3230 a

190 3247 285 3299 ducted
293 3245 454 3298 Alienorade
466 3243 578 3307 Ferrato,
586 3244 735 3309 andgrand-
786 3244 838 3296 and
854 3260 933 3308 more,
944 3244 1054 3306 Gilbert,
1065 3261 1098 3295 on
1115 3243 1161 3296 the
1172 3243 1244 3310 vigil
1256 3247 1284 3296 oi
1315 3251 1334 3299 t.

189 3313 314 3366 ietheroi
325 3310 431 3364 Bruoe's
446 3311 553 3362 iaithiul
571 3315 674 3362 wisent
694 3310 736 3362 Sir
787 3309 930 3376 Margaret,
952 3314 1011 3363 sent
1039 3314 1088 3362 100
1115 3311 1143 3362 oi
1167 3311 1213 3362 the
1242 3311 1335 3377 King'a

189 3382 277 3433 dames
303 3379 425 3444 Douglas.
471 3377 506 3429 In
529 3377 594 3430 1267
620 3376 736 3428 William
786 3377 897 3429 enemiea
908 3377 1032 3429 fromthe
1048 3375 1140 3443 Valley
1153 3377 1181 3429 oi
1195 3376 1334 3430 ancone

189 3443 434 3512 Donglasappealed
446 3443 545 3495 Gilbert
562 3443 593 3496 de
605 3443 735 3495 Umirum·
787 3447 814 3495 to
836 3443 952 3506 Fandon,
969 3444 1052 3495 where
1069 3443 1132 3510 they
1143 3443 1271 3495 multon
1288 3445 1335 3497 the

189 3510 535 3576 villc,1nrdoiltcdesdalc,
547 3511 598 3562 and
615 3509 687 3561 John
704 3509 736 3562 de
784 3510 910 3561 aioremid
929 3509 1054 3574 william,
1072 3509 1113 3562 his
1133 3510 1199 3574 wite,
1219 3509 1334 3562 William

190 3580 298 3643 Bitian,
320 3579 407 3630 before
431 3577 476 3628 the
500 3576 574 3642 King
600 3580 628 3627 at
649 3577 734 3628 West
785 3577 826 3628 his
843 3592 897 3638 son,
910 3576 1003 3642 Henry
1020 3576 1051 3628 de
1068 3575 1195 3640 Muleicn,
1219 3575 1333 3628 William

189 3647 297 3698 minster
311 3645 414 3706 (Coram
423 3645 490 3708 Repe
500 3644 568 3705 Roll,
578 3645 658 3704 tl,52
670 3643 734 3694 Hoc.
785 3643 817 3694 de
834 3641 984 3705 Wardrobe‚
1001 3643 1089 3695 Patrio
1112 3643 1143 3694 de
1159 3642 1267 3708 lingbu,
1283 3643 1335 3695 and

188 3715 254 3776 111,
266 3708 735 3775 No.131‚m.28⁶),thuttheyiulsely
786 3709 929 3761 Gillerothe
946 3709 977 3761 de
992 3709 1100 3774 Dugas,
1113 3709 1165 3760 and
1183 3709 1282 3762 carried
1298 3711 1334 3762 or

189 3795 252 3848 gave
262 3779 308 3831 the
318 3777 389 3830 Iord
401 3776 517 3837 Edward,
525 3776 570 3828 the
579 3774 734 3841 King’sson,
786 3776 831 3827 the
846 3775 970 3828 aforesaid
982 3775 1099 3827 Wiliiam
1110 3774 1162 3827 and
1176 3775 1333 3840 imprisoned

188 3852 216 3899 to
228 3843 585 3908 understandatthesiegeoi
596 3841 734 3893 thoCestle
783 3842 975 3894 himioreieven
984 3843 1045 3908 days
1053 3845 1081 3894 at
1090 3843 1236 3894 Harbottle.
1261 3843 1334 3911 They

188 3914 216 3966 oi
226 3912 347 3978 Alnwyh,
358 3911 417 3961 that
428 3909 473 3961 the
487 3909 542 3960 said
556 3907 734 3960 Williamwas
784 3908 920 3974 destroyed
939 3909 1078 3970 hishouse‚
1101 3909 1165 3960 stole
1184 3907 1224 3959 his
1246 3911 1333 3974 gocia,

155 3981 159 3988 '
187 3997 221 4032 an
238 3994 330 4045 enemy
347 3977 374 4028 oi
390 3977 435 4028 the
453 3975 535 4041 sing,
556 3976 607 4027 end
624 3975 735 4027 askeda
784 3975 836 4027 and
857 3976 983 4028 wounded
1003 3975 1121 4026 William
1144 3990 1190 4026 son
1212 3975 1240 4026 oi
1263 3976 1333 4030 wil·

187 4048 316 4114 gittirom
325 4041 735 4096 theiordiidwardoiWilham'a
785 4041 847 4092 liam
863 4041 891 4092 in
911 4059 927 4093 a
942 4041 1032 4109 deedly
1044 4058 1150 4094 manner
1164 4041 1192 4093 in
1210 4041 1256 4093 the
1267 4043 1333 4096 neck

188 4129 277 4165 maner
289 4112 316 4164 oi
327 4110 442 4172 Faudon,
454 4106 733 4160 whichheheldofthe
784 4107 848 4159 with
870 4125 886 4159 a
907 4109 997 4172 swerd,
1020 4125 1047 4159 so
1069 4109 1128 4160 that
1148 4108 1212 4174 they
1227 4107 1261 4159 all
1282 4111 1332 4162 bnt

188 4180 242 4232 said
265 4179 368 4230 Gilbert
388 4177 424 4242 by
446 4176 491 4227 the
513 4173 608 4227 service
627 4174 655 4226 oi
677 4174 733 4225 buli
783 4177 829 4225 cut
848 4175 885 4225 off
899 4175 939 4226 his
961 4175 1034 4227 head.
1069 4175 1181 4226 Because
1201 4175 1246 4226 the
1263 4189 1331 4228 same

187 4243 341 4310 aknight’s
361 4244 409 4296 iee.
454 4242 508 4294 'ibe
533 4240 603 4293 Inrd
622 4240 733 4293 Edward
785 4240 962 4292 Williamhed
978 4242 1099 4307 appealed
1121 4241 1148 4292 in
1164 4240 1210 4292 the
1225 4246 1331 4308 oounty,

187 4313 296 4380 granted
308 4309 429 4362 Giibert’s
440 4312 552 4374 nequest,
559 4308 681 4374 provided
692 4307 733 4358 his
784 4307 877 4373 Henry
900 4307 932 4359 de
954 4308 1073 4360 Muleten
1093 4308 1145 4359 and
1166 4307 1253 4359 others
1270 4324 1331 4360 oon·

187 4377 332 4432 accusation
349 4392 399 4428 was
420 4379 487 4428 true.
520 4374 734 4440 Aiterwards,by
784 4373 891 4454 coming
913 4374 958 4426 the
980 4374 1032 4426 fact
1058 4373 1142 4426 which
1167 4373 1189 4425 is
1211 4381 1258 4425 not
1284 4378 1330 4440 yet

186 4462 736 4574 a,

188 4581 234 4636 the
246 4579 320 4649 Kios
331 4593 360 4631 or
370 4577 411 4631 bis
420 4591 474 4643 son,
485 4576 537 4629 and
547 4575 580 4629 he
589 4590 640 4630 was
651 4574 734 4628 there·
784 4573 894 4627 without
905 4590 920 4626 ι
931 4575 980 4642 day
993 4573 1093 4637 (Bain’s
1108 4573 1171 4638 θαι,
1181 4572 1201 4706 i2.
1210 4578 1298 4643 2452).
