3272 5092
260 513 324 580 254
452 535 572 582 ,sssraa
595 536 692 596 aona,
716 535 1056 597 uourauuanumrn,
1080 515 1099 582 7
1122 536 1210 583 nna.
1233 537 1257 584 1.

259 687 361 756 iidem
378 689 544 756 Ricardus
559 692 595 754 et
609 689 632 754 J
633 689 770 756 ohanna
782 693 817 755 et
833 691 952 756 dieunt
967 691 1057 776 quod
1067 691 1135 777 ipsi
1145 690 1251 757 nichil
1261 691 1410 758 clamant

258 777 295 841 in
311 777 472 862 pmdieta
492 775 596 843 tertia
618 783 724 862 parte,
748 777 813 843 nisi
838 777 975 843 nomine
997 777 1088 844 dotis
1109 778 1216 864 ipsius
1231 779 1408 846 Johannae.

259 864 305 928 Et
341 869 464 930 vocant
501 865 579 928 inde
612 864 657 929 ad
686 869 893 930 warrantum
926 865 1104 949 praedictos
1135 865 1345 932 Willelmum
1374 870 1409 932 et

258 951 462 1031 Johannem‚
486 953 546 1037 qui
569 958 750 1036 presentes
771 957 853 1017 sunt
875 957 911 1018 et
934 953 983 1017 eis
1006 953 1257 1034 warrantizant‚
1279 959 1314 1020 et
1337 959 1408 1020 tam

258 1038 299 1104 de
322 1039 440 1104 eadem
464 1040 568 1104 tertia
592 1042 690 1124 parte
714 1061 814 1125 quam
838 1040 880 1106 de
899 1040 1030 1104 duabus
1048 1040 1202 1125 partibus
1220 1061 1335 1108 versus
1352 1061 1409 1106 eos

258 1124 386 1210 petitis,
412 1126 518 1193 nichil
544 1127 663 1192 dieunt
688 1147 793 1212 quare
822 1126 932 1192 assisa
961 1131 1144 1207 remaneat,
1175 1127 1241 1192 nisi
1271 1131 1408 1192 tantum

181 1291 184 1294 ,
260 1213 350 1298 quod
375 1213 495 1279 dieunt
518 1214 608 1299 quod
633 1215 813 1298 pradictus
836 1213 993 1294 Thomas,
1019 1214 1062 1279 de
1082 1215 1181 1299 eujus
1195 1219 1315 1296 morte,
1331 1218 1408 1296 eto,

259 1321 328 1365 non
355 1300 441 1366 obiit
464 1301 544 1367 inde
568 1322 604 1366 se
627 1300 714 1366 situs
738 1303 774 1365 in
799 1300 967 1366 dominico
992 1322 1053 1366 suo
1079 1303 1118 1365 ut
1140 1301 1182 1366 de
1199 1301 1312 1382 feodo,
1327 1302 1408 1387 quia

258 1387 379 1453 dieunt
393 1388 482 1473 quod
498 1388 587 1453 idem
603 1323 761 1467 ihomas,
778 1409 837 1474 per
856 1387 997 1472 longum
1019 1392 1153 1473 tempus
1169 1393 1249 1454 ante
1264 1395 1407 1455 mortem

261 1495 368 1555 suam,
399 1475 490 1561 ipsos
521 1475 563 1540 de
593 1475 718 1541 eisdem
749 1476 953 1542 tenementis
981 1475 1137 1542 leofavit.
1196 1475 1243 1540 nt
1272 1475 1313 1542 de
1343 1476 1408 1542 hoo

259 1571 393 1646 ponunt
420 1583 455 1627 se
482 1583 582 1648 super
608 1562 761 1627 assisam.
822 1564 998 1628 iuratores
1025 1561 1144 1628 dieunt
1171 1583 1271 1648 super
1296 1584 1406 1628 saera·

260 1654 411 1714 mentum
429 1670 527 1714 suum
545 1649 634 1732 quod
649 1649 829 1734 pradictus
845 1649 1003 1729 Thomas,
1016 1650 1058 1714 de
1077 1650 1177 1735 eujus
1193 1653 1313 1731 morte,
1330 1655 1407 1730 ete,

258 1735 343 1800 feeit
373 1735 534 1822 praedicto
564 1735 708 1820 Rogero‚
738 1736 839 1801 fratri
869 1757 940 1816 suo,
982 1738 1162 1820 quamdam
1200 1741 1329 1804 cartam
1364 1739 1406 1804 de

257 1822 467 1888 feofamento
491 1824 532 1888 de
555 1823 725 1907 pradietis
750 1823 880 1888 duabus
909 1823 1063 1908 partibus
1087 1823 1123 1888 in
1150 1823 1347 1890 Charleton'
1372 1827 1407 1892 et

253 1910 368 2011 jussit·
380 1911 559 1995 quemdam
583 1910 788 1976 Willelmum
803 1911 846 1976 de
862 1909 1041 1996 Saltewyk‚
1064 1915 1275 2011 attornatum
1295 1933 1405 1992 suum,

257 1998 793 2169 tt¹tt⁰lttt⁸qtlttt
811 1997 1406 2168 {tuttnltmlttffitttfflt

260 2171 427 2256 seysinam
453 2173 577 2256 posuit,
604 2176 640 2236 st
664 2172 784 2237 dicunt
807 2172 898 2257 quod
921 2171 1012 2238 idem
1028 2171 1174 2237 Thomas
1193 2172 1248 2237 die
1265 2173 1406 2239 Sabbati

257 2258 411 2344 proximo
447 2263 608 2342 sequente
642 2259 738 2324 obiit.
795 2259 842 2322 nt
865 2259 977 2344 quoad
1000 2261 1196 2324 tenementa
1221 2281 1295 2344 quae
1320 2282 1404 2346 pra-

257 2346 370 2412 dictus
396 2345 570 2410 Johannes
596 2349 703 2424 tenet,
724 2345 844 2410 dieunt
866 2345 957 2431 quod
979 2346 1160 2430 praedictus
1181 2346 1339 2428 Thomas,
1364 2348 1406 2413 de

257 2433 356 2518 eujus
373 2437 489 2512 morte,
506 2437 582 2512 ete,
598 2431 773 2497 dimiserat
788 2453 828 2497 ea
840 2432 971 2497 cuidam
985 2432 1088 2497 fratri
1103 2433 1144 2498 de
1156 2433 1252 2498 Novo
1268 2435 1405 2499 Monas·

258 2521 355 2600 tario,
381 2520 566 2586 tenendum
590 2519 632 2584 de
656 2540 696 2586 eo
713 2519 757 2585 ad
779 2520 962 2586 terminum
986 2541 1163 2602 annorum,
1189 2521 1283 2586 infra
1306 2541 1406 2606 quem

256 2608 441 2672 terminum
465 2607 554 2673 idem
578 2605 726 2672 Thomas
748 2606 895 2672 leofavit
917 2606 995 2672 iude
1019 2607 1131 2692 ipsum
1153 2608 1347 2674 Johannem
1371 2613 1406 2674 et

258 2699 388 2761 cartam
403 2715 499 2760 suam
515 2694 556 2760 de
568 2693 778 2759 leofamento
790 2694 821 2758 ei
834 2693 913 2760 inde
923 2694 1017 2760 feeit.
1064 2693 1110 2758 nt
1121 2694 1216 2760 misit
1227 2696 1405 2780 quemdam

257 2781 466 2848 Willelmum
497 2781 612 2866 Rabyt
641 2781 684 2846 de
714 2781 914 2866 Stayndon’,
946 2784 1158 2846 attornatum
1188 2804 1297 2863 suum,
1328 2804 1405 2848 eum

256 2869 382 2935 litteris
407 2869 476 2935 suis
502 2868 698 2954 patentibus
725 2868 769 2933 ad
792 2867 986 2933 faciendum
1013 2869 1122 2934 eidem
1147 2870 1170 2934 J
1172 2870 1299 2934 ohanni
1326 2871 1405 2936 inde

257 2957 436 3042 seysinam,
453 2955 593 3036 scilieet,
611 2956 653 3021 de
675 2960 767 3021 terra
788 2955 895 3040 ipsius
918 2955 1055 3020 Thomoe
1077 2957 1118 3022 de
1140 2956 1405 3043 Thyrwyteleye,

256 3045 316 3129 qui
330 3043 530 3130 praedictum
544 3043 686 3108 fratrem
702 3043 743 3108 de
758 3043 914 3107 terminis
930 3063 991 3108 suo
1011 3043 1123 3127 ejecit.
1168 3043 1214 3108 ne
1235 3044 1405 3128 juratores

257 3131 391 3217 quaesiti
406 3130 596 3215 eujusmodi
611 3128 760 3214 expletis
773 3129 953 3213 praedictus
968 3130 991 3194 J
992 3129 1144 3195 ohannes
1169 3131 1269 3216 oepit,
1287 3132 1406 3199 dieunt

257 3219 347 3304 quod
361 3218 433 3304 ipse
448 3217 576 3281 erravit
590 3217 760 3301 quandam
776 3220 908 3301 partem
923 3217 1092 3301 praediotae
1108 3222 1217 3284 terrae.
1263 3219 1407 3300 Quaesiti

256 3305 299 3371 de
314 3305 412 3390 eujus
428 3325 560 3382 caruca,
577 3303 696 3368 dicunt
710 3303 800 3388 quod
816 3303 858 3368 de
873 3323 994 3368 oaruoa
1016 3305 1101 3369 dicti
1118 3305 1237 3372 fratris
1253 3307 1294 3372 de
1309 3307 1406 3370 Novo

257 3391 476 3458 Monasterio.
522 3391 664 3472 Quaesiti
683 3410 743 3475 per
765 3393 931 3475 quantum
954 3394 1087 3476 tempus
1109 3391 1180 3456 fuit
1202 3395 1237 3456 in
1260 3393 1406 3479 seysina,

256 3480 376 3545 dieunt
398 3480 488 3564 quod
510 3479 626 3544 eodem
649 3478 705 3543 die
727 3499 794 3563 quo
809 3478 937 3562 recepit
952 3478 1031 3543 inde
1047 3478 1216 3564 seysinam
1231 3485 1309 3564 post
1324 3502 1407 3565 prae-

257 3567 384 3633 dietam
400 3587 554 3630 arsuram
568 3566 617 3630 ibi
631 3565 771 3644 laetam,
788 3565 921 3630 dimisit
942 3565 1031 3630 idem
1052 3567 1075 3631 J
1076 3568 1227 3632 ohannes
1242 3568 1405 3652 praedioto

255 3654 358 3718 fratri
391 3652 553 3738 praedicta
585 3657 789 3733 tenementa
829 3652 1013 3718 tenendum
1042 3653 1085 3718 ad
1114 3655 1259 3721 eundem
1289 3655 1405 3720 termi-

257 3763 338 3805 num
364 3741 406 3806 ad
431 3761 530 3825 quem
555 3739 644 3806 idem
670 3740 818 3804 Thomas
842 3739 936 3824 prius
959 3741 1068 3806 eidem
1093 3740 1196 3804 fratri
1219 3741 1404 3808 dimiserat.

257 3827 398 3910 Quaesiti
420 3827 526 3893 etiam
548 3826 577 3891 si
599 3827 779 3911 predict-u·
804 3827 913 3892 frater
935 3826 1064 3911 aliquid
1090 3828 1200 3894 eidem
1223 3849 1284 3913 pro
1310 3833 1406 3895 tene·

257 3915 381 3981 mentis
403 3913 472 3980 illis
494 3913 697 3979 rehabendis
720 3913 826 3992 dedit,
849 3912 970 3980 dieunt
991 3915 1082 3999 quod
1105 3915 1200 3982 dedit
1222 3916 1254 3981 ei
1277 3937 1336 3982 sex
1359 3917 1405 3997 d',

255 4003 393 4068 nomine
409 4023 583 4087 gersumae.
629 4000 774 4081 Quaesiti
789 4001 893 4065 etiam
910 4022 970 4086 ρετ
984 4005 1150 4085 quantum
1169 4006 1304 4087 tempus
1326 4008 1406 4088 post

256 4090 425 4175 seysinam
440 4089 549 4155 eidem
563 4088 586 4152 J
587 4088 717 4154 ohanni
732 4087 780 4152 sio
795 4087 924 4153 factam
942 4089 1124 4173 praedictus
1145 4089 1291 4155 Thomas
1307 4091 1404 4170 vixit,

256 4178 375 4243 dicunt
398 4175 488 4260 quod
511 4197 568 4259 per
590 4178 668 4240 ooto
691 4174 772 4239 dies.
819 4175 865 4238 nt
888 4177 999 4258 quoad
1014 4180 1212 4242 tenementa
1232 4199 1305 4262 quse
1320 4199 1404 4262 prae-

255 4266 368 4330 dictus
387 4262 580 4328 Willelmus
603 4264 709 4341 tenet,
734 4261 853 4326 dieunt
874 4263 963 4347 quod
986 4263 1166 4348 pradictus
1187 4265 1347 4344 Thomas,
1363 4264 1405 4331 de

255 4352 353 4436 eujus
369 4353 489 4428 morte,
506 4353 582 4428 eto,
598 4348 743 4414 feofavit
758 4347 837 4413 inde
853 4349 963 4434 ipsum
976 4348 1184 4415 Willelmum
1201 4372 1261 4437 ρετ
1277 4357 1404 4417 cartam

255 4461 352 4507 suam
380 4437 595 4515 feofamenti‚
626 4456 725 4520 quam
752 4435 784 4500 ei
810 4435 889 4501 inde
915 4437 1010 4517 fecit,
1037 4441 1073 4504 et
1102 4439 1197 4502 misit
1226 4441 1406 4523 quemdam

254 4527 366 4592 Ellam
392 4525 433 4589 de
463 4523 667 4602 Blakedene,
692 4525 907 4588 attornatum
933 4545 1044 4606 suum,
1074 4545 1135 4610 per
1164 4525 1299 4592 litteras
1326 4547 1406 4592 suas
