3278 5104
258 487 323 555 158
409 509 523 556 moran
545 509 643 571 nom,
666 509 1004 572 scammum,
1026 487 1068 555 58
1090 507 1173 556 m.
1196 507 1251 556 ιιι.

258 667 334 730 tum
359 665 412 730 eet
422 663 524 767 ‘quod
538 663 693 782 predicti
706 663 862 753 Rogerue
876 667 912 732 ot
926 663 1088 731 Alienon
1105 662 1185 730 inde
1200 663 1273 732 eine
1287 663 1354 748 die,
1369 669 1405 732 et

258 751 405 818 Thomna
420 773 456 816 m
471 773 558 820 mre.

323 914 478 1001 Rogeruo
493 913 535 982 de
549 915 663 995 Inno’,
679 914 851 1001 Philippa,
867 933 953 980 uxor
966 913 1053 1000 ejus,
1068 913 1255 980 Nicholauo
1268 914 1403 997 Oorbet,

259 1003 441 1088 Margeria,
465 1022 551 1068 uxor
574 1005 657 1088 ejus,
684 1002 789 1090 Hugo
813 1001 867 1070 del
892 1001 1012 1082 Walle,
1039 1000 1192 1082 Matillie,
1213 1023 1299 1068 uxor
1321 1005 1404 1089 ejus,

258 1089 431 1156 walterus
461 1090 503 1156 de
528 1090 796 1168 Huntercumbe,
818 1094 854 1156 ct
865 1088 988 1168 Alicia,
1003 1109 1089 1154 uxor
1103 1089 1187 1175 ejus,
1204 1091 1404 1156 summoniti

258 1176 402 1243 fuerunt
413 1177 456 1242 ad
467 1177 740 1263 respondendum
750 1175 773 1242 J
774 1175 902 1242 charmi
914 1175 956 1243 de
967 1175 1132 1242 Haulton’
1145 1175 1187 1241 de
1199 1176 1345 1262 triginta
1359 1179 1404 1242 m’

260 1285 334 1350 quae
356 1263 389 1331 ei
413 1268 526 1330 aretro
551 1269 633 1330 runt
659 1263 701 1329 de
724 1284 839 1330 annuo
864 1262 1002 1328 redditu
1024 1262 1173 1347 quinque
1187 1264 1242 1345 m',
1259 1285 1358 1349 quem
1373 1265 1406 1330 ei

259 1351 394 1432 debent,
405 1355 469 1418 etc.
506 1351 553 1417 nt
564 1351 718 1436 Rogerur
729 1356 764 1418 et
775 1371 892 1416 omnes
907 1349 967 1415 aiii
981 1353 1147 1417 venerunt
1161 1354 1197 1414 et
1212 1351 1405 1418 concordati

260 1441 351 1504 aunt.
397 1439 443 1503 Et
462 1438 485 1504 J
486 1439 637 1505 ohannen
660 1438 720 1504 dat
738 1437 914 1503 dimidiam
935 1458 1080 1503 marcam
1096 1458 1158 1524 pro
1173 1435 1313 1503 licentia
1328 1459 1406 1505 eon-

260 1524 430 1592 oordandi.
475 1526 522 1590 Et
535 1526 687 1590 habeant
707 1525 964 1612 cyrographum.
1008 1524 1133 1590 Postea
1156 1525 1310 1626 praedicti
1335 1526 1404 1591 Ro-

260 1633 360 1698 geruo
386 1617 421 1678 et
448 1612 507 1678 alii
532 1615 764 1700 cognorerunt
793 1612 882 1698 quod
911 1611 1035 1679 debent
1063 1612 1225 1697 proedrcto
1254 1612 1405 1678 Johanni

260 1695 1406 1872 inucauniunumunurm?u

263 1874 363 1942 terris
378 1877 414 1940 et
429 1873 572 1956 catallis,
590 1836 674 1956 etc:
682 1878 717 1940 et
732 1879 861 1954 cuatus,
879 1877 944 1941 cto.

324 2029 347 2095 J
347 2029 497 2096 ohannes
512 2028 554 2093 de
569 2028 772 2115 Quynteley¹
788 2028 849 2094 dat
864 2027 988 2113 viginti
1002 2029 1028 2092 ε’
1044 2047 1105 2115 pro
1119 2027 1258 2096 licentia
1273 2050 1408 2097 concor-

259 2116 364 2183 dandi
393 2136 467 2181 cum
498 2114 657 2182 Johannc
692 2115 734 2181 de
772 2115 973 2196 Gunerton’,
1010 2136 1071 2202 per
1106 2115 1260 2202 plegium
1295 2117 1404 2202 ipsius

258 2205 282 2271 J
282 2203 439 2284 ohannis,
456 2203 497 2270 de
512 2201 638 2288 placito
653 2206 762 2269 terre
807 2203 853 2268 Et
867 2203 1017 2268 habeant
1032 2205 1291 2290 cyrographum.

325 2356 515 2423 Willelmua
530 2355 688 2422 mean'
708 2356 769 2421 dat
791 2356 967 2422 dimidiam
982 2358 1026 2421 m'
1040 2379 1101 2442 pro
1115 2356 1255 2424 licentia
1270 2380 1406 2426 concor-

259 2445 364 2511 dandi
379 2466 457 2511 cum
471 2444 621 2510 Roberto
644 2444 715 2509 filio
735 2443 872 2510 Thomae
893 2444 935 2509 de
952 2444 1167 2526 middelton,
1182 2466 1243 2532 per
1256 2445 1406 2532 plegium

259 2533 366 2619 ipsius
381 2531 533 2613 liuberti,
549 2531 590 2597 de
605 2530 731 2616 placito
746 2535 854 2597 temae.
899 2532 945 2597 Et
959 2531 1109 2598 habeant
1122 2534 1381 2636 cyrographum.

324 2685 443 2752 Ansina
466 2685 560 2753 venit
582 2685 798 2770 recognitum
822 2685 852 2750 si
875 2685 1050 2751 Johannea
1075 2685 1166 2752 filius
1181 2685 1349 2754 Johannis
1364 2687 1406 2755 dc

260 2773 485 2860 Edelingham
511 2775 546 2838 et
573 2772 750 2853 Ricardun,
778 2770 868 2838 filius
893 2773 981 2857 ejus,
999 2772 1140 2858 injuste,
1162 2777 1238 2856 ete,
1260 2774 1406 2843 disseiei-

260 2863 382 2927 verunt
407 2860 597 2926 iohannem
620 2859 728 2924 filium
755 2859 919 2925 Willelmi
943 2859 985 2925 de
1008 2859 1199 2948 Alberwylr’
1231 2861 1273 2927 de
1301 2862 1407 2930 libero

260 2951 454 3015 tenemento
480 2967 542 3012 suo
561 2947 599 3012 in
618 2946 854 3032 Edclingham,
875 2949 953 3032 post
973 2947 1128 3032 primam,
1144 2951 1209 3014 etc.
1253 2949 1300 3015 lit
1314 2951 1404 3017 unde

262 3035 414 3122 queritur
448 3034 537 3120 quod
571 3033 827 3101 dieseisiverunt
863 3055 941 3100 eum
977 3035 1019 3100 de
1052 3055 1122 3100 uno
1159 3037 1333 3122 mesuagio
1370 3042 1406 3103 et

260 3121 374 3208 xxxvij
390 3121 674 3188 acrioterraeoum
685 3121 913 3206 pertinentiis.
952 3122 999 3186 Et
1007 3119 1182 3188 Johannes
1194 3127 1228 3190 et
1239 3123 1404 3190 Ricarduo

260 3231 330 3274 non
348 3214 523 3275 venerunt.
568 3208 615 3273 nt
636 3209 816 3294 pradictus
839 3209 861 3272 J
862 3209 1013 3274 ohannes
1037 3210 1247 3275 attachiatue
1262 3210 1333 3276 fuit
1346 3234 1406 3296 per

260 3296 456 3377 Ricardum,
471 3295 579 3360 filium
595 3297 678 3381 ejus,
695 3299 730 3363 et
745 3295 947 3375 Gilbertum,
967 3295 1073 3360 filium
1095 3296 1247 3382 ejusdem
1274 3297 1297 3362 J
1298 3299 1403 3365 ohan-

261 3385 326 3465 nis,
360 3387 395 3448 et
424 3383 606 3468 praedictus
629 3383 796 3449 Ricardus
824 3382 895 3448 fuit
921 3383 1131 3449 attuohiatus
1156 3405 1216 3468 per
1240 3384 1405 3450 Thomam

261 3471 438 3537 Gretword
461 3470 502 3535 de
526 3470 654 3535 Tossan
679 3473 715 3536 et
740 3470 904 3535 Thomam
929 3469 1047 3556 Gagge
1067 3471 1109 3536 dc
1132 3471 1260 3552 eadem,
1276 3473 1353 3538 ideo
1368 3473 1405 3536 in

261 3558 348 3623 mis'.
392 3557 439 3621 Et
465 3556 619 3643 capiatur
642 3557 750 3622 assisa
772 3577 889 3622 versun
915 3577 973 3623 eos
998 3578 1060 3644 per
1085 3557 1259 3624 defaltum.
1304 3560 1404 3626 Jura-

260 3649 351 3711 tores
389 3643 508 3710 dicunt
546 3665 647 3730 super
690 3646 939 3710 sacramentum
977 3665 1074 3709 suum
1120 3645 1209 3729 quod
1252 3647 1404 3732 praedioti

259 3732 435 3798 «Iohannes
462 3735 497 3798 et
523 3731 688 3797 Ricardua
715 3729 968 3798 disseisiverunt
991 3731 1188 3817 praedictum
1212 3732 1404 3800 Johannem

259 3819 367 3884 filium
394 3817 558 3884 Willclmi
582 3819 623 3884 de
644 3818 804 3904 proedicto
821 3821 1018 3884 tenemento
1037 3819 1126 3903 quod
1148 3821 1264 3905 posuit
1278 3821 1315 3884 in
1330 3821 1405 3886 riou

260 3927 322 3973 auo
337 3906 474 3991 injuste,
490 3911 566 3986 eto,
582 3905 670 3972 sieut
685 3908 782 3973 breve
794 3905 889 3971 dicit.
927 3907 973 3971 Et
993 3906 1070 3972 ideo
1089 3907 1338 3974 consideratum
1353 3911 1406 3974 est

260 3994 350 4079 quod
364 3993 544 4079 praedictus
560 3994 581 4057 J
583 3993 734 4059 ohannes
754 3993 846 4057 filius
865 3992 1030 4057 willelmi
1049 3998 1225 4079 recuperet
1246 3995 1405 4060 eeisinam

261 4103 357 4146 suam
380 4081 422 4147 de
447 4080 607 4166 praedicto
630 4084 827 4147 tenemento
850 4101 910 4165 per
940 4081 1048 4145 visum
1077 4081 1340 4167 recognitorum,
1370 4094 1406 4147 et

259 4169 434 4235 Johannee
454 4171 490 4232 et
510 4167 676 4233 Ricardus
696 4168 733 4232 in
751 4167 837 4233 mis'.
883 4167 1041 4253 Dampna
1055 4167 1095 4253 iij
1105 4168 1149 4232 ιη’
1165 4171 1200 4233 et
1215 4167 1405 4252 dimidium,

260 4261 343 4321 tunc
358 4257 467 4340 capta.

293 4446 302 4479 ¹
328 4446 374 4499 See
401 4445 546 4512 Appendix,
581 4445 641 4498 Feet
667 4448 700 4514 os
722 4447 808 4511 Rieu,
890 4441 901 4476 ²
929 4445 975 4498 See
1001 4446 1146 4512 Appendix,
1179 4448 1239 4500 Feci
1266 4451 1298 4514 of
1322 4451 1407 4516 Rau,

260 4513 416 4579 Norttmt„
427 4513 493 4566 Heu.
505 4513 569 4576 111„
580 4513 633 4566 No.
642 4515 698 4568 158.
858 4513 1232 4579 thaah.‚1{er.111.,No.
1245 4518 1301 4572 164.
