3272 5092
406 561 519 606 rssrzn
542 561 639 623 nona,
663 561 1000 623 remuneramur,
1026 540 1044 606 7
1067 563 1156 609 anu.
1179 564 1204 609 1.
1316 539 1378 606 243

226 713 352 781 Sancto
377 713 481 782 Petro
505 719 541 783 et
568 715 761 802 Stephanus
786 716 877 783 filius
904 716 996 804 slya
1022 717 1064 782 de
1090 715 1281 784 Oaivedon'.
1331 715 1380 780 at

224 802 383 870 similiter
396 804 486 888 quod
502 804 699 889 hujusmodi
715 805 811 871 breve
826 805 868 869 de
888 808 999 872 cetero
1019 804 1181 889 praedicto
1196 802 1377 887 Radulpho

223 908 292 953 non
306 889 426 957 valeat.
472 892 519 955 Et
541 891 670 956 dietum
694 902 747 956 est
768 891 929 976 praedicto
944 892 1094 957 Roberto
1108 892 1199 975 qnod
1212 890 1375 975 placitum

223 997 337 1042 versus
353 978 482 1044 dictum
498 978 717 1063 Radulphum
729 984 890 1063 sequatur
900 979 937 1042 in
949 979 1115 1044 comitatu
1131 979 1164 1043 si
1176 978 1240 1043 sibi
1256 977 1377 1042 viderit

223 1065 391 1148 expedire,
407 1069 471 1131 etc.
517 1067 563 1130 at
578 1066 678 1131 breve
692 1066 859 1151 originale
873 1066 1039 1131 liberatur
1052 1065 1253 1144 vicecomiti,
1269 1069 1332 1131 etc.

287 1225 470 1308 Oristiana‚
493 1250 568 1314 quae
592 1228 663 1294 fuit
685 1250 769 1294 uxor
791 1228 936 1295 Walteri
958 1229 1000 1294 de
1023 1227 1257 1313 Tritlington',
1288 1226 1378 1312 petit

224 1334 339 1379 versus
354 1313 503 1380 Alanum
519 1316 560 1384 de
583 1316 738 1382 Laseeles
762 1315 909 1401 quinque
930 1315 1116 1401 mesuagia,
1139 1315 1319 1400 sexaginta
1342 1317 1378 1379 et

223 1402 371 1486 quinque
387 1423 482 1468 acras
496 1406 595 1471 terrae
618 1425 695 1469 curn
716 1403 932 1489 pertinentiis
955 1403 991 1467 in
1007 1402 1140 1467 Fenton
1155 1406 1195 1466 ut
1206 1403 1262 1486 jus
1278 1423 1377 1466 suum

223 1509 284 1573 per
298 1488 398 1555 breve
413 1489 455 1555 de
470 1490 637 1576 ingressu,
661 1495 725 1557 etc.
772 1491 901 1556 Elanus
924 1491 1017 1557 venit
1036 1493 1072 1555 et
1088 1489 1281 1555 concordati
1297 1494 1378 1554 sunt

224 1595 284 1661 per
313 1575 498 1659 licentiam,
528 1581 563 1644 et
592 1577 765 1643 cristiana
794 1578 854 1643 dat
882 1578 1059 1643 dimidiam
1084 1577 1127 1641 ra'
1152 1597 1214 1661 pro
1239 1576 1379 1643 licentia

224 1664 450 1729 concordandi
471 1685 532 1750 per
552 1664 702 1750 plegium
724 1665 877 1752 praedicti
899 1664 1011 1730 Alani.
1057 1665 1103 1728 Et
1126 1669 1178 1729 est
1200 1663 1379 1729 concordia

224 1749 304 1815 talis
321 1751 409 1835 quod
424 1753 604 1837 praedictus
627 1752 757 1817 Alanus
778 1753 990 1837 recognoscit
1005 1752 1168 1836 praediota
1182 1755 1379 1816 tenemento

224 1857 301 1902 eum
316 1838 532 1924 pertinentiis
555 1861 628 1906 esse
647 1841 704 1925 jus
727 1840 834 1924 ipsius
857 1838 1045 1919 Oristianee,
1069 1843 1104 1904 et
1123 1839 1203 1903 inde
1218 1837 1330 1903 reddit
1345 1837 1377 1901 ei

224 1947 330 1989 unum
359 1927 580 2012 mesuagium,
611 1927 735 2012 viginti
765 1931 800 1993 et
829 1931 977 2011 quatuor
1005 1947 1099 1992 acras
1129 1929 1237 1991 terrae.
1294 1924 1377 1988 Ideo

225 2012 351 2078 habeat
373 2013 541 2097 seysiuam
565 2035 670 2079 suam.
716 2015 763 2080 nt
784 2035 845 2098 pro
868 2015 943 2093 hae,
968 2018 1044 2092 ete,
1068 2013 1185 2080 eadem
1207 2011 1379 2077 Oristiana

225 2100 380 2165 concedit
406 2101 566 2185 praedicto
595 2101 705 2166 Alano
735 2101 906 2167 residuum
937 2101 1174 2185 praedictorum
1204 2103 1377 2165 tenemen-

224 2189 348 2267 torum,
378 2189 563 2253 tenendum
588 2210 609 2253 a
634 2188 835 2255 Pentecoste
862 2189 927 2253 hoc
957 2209 1048 2252 anno
1080 2207 1187 2272 nsque
1212 2187 1255 2252 ad
1277 2187 1378 2250 finem

225 2294 284 2338 sex
309 2295 475 2338 annorum
499 2275 653 2360 proximo
676 2276 890 2360 sequentium
912 2275 1011 2360 plene
1034 2275 1287 2359 completorum.
1333 2273 1379 2337 Et

224 2365 303 2446 post
328 2360 425 2425 illum
443 2363 626 2427 terminum
643 2362 741 2447 plene
764 2362 978 2446 completum,
1001 2362 1163 2448 praedicta
1184 2363 1380 2427 tenementa

225 2468 302 2513 cum
327 2448 545 2533 pertinentiis
569 2450 702 2535 integre
727 2453 942 2516 revertentur
967 2450 1010 2515 ad
1033 2449 1230 2534 praedictam
1258 2446 1377 2512 (iristi-

224 2557 326 2600 anam
341 2539 377 2601 et
399 2536 539 2601 heredes
555 2558 644 2616 suos,
661 2537 775 2621 quiete
791 2537 832 2603 de
847 2536 1008 2621 praedicto
1023 2535 1134 2601 Alano
1150 2539 1185 2602 et
1199 2534 1379 2600 heredibus

226 2622 307 2703 suis,
322 2623 359 2686 in
373 2633 584 2708 perpetuum,
601 2629 665 2690 eto.
1253 2653 1257 2666 ·

290 2761 492 2847 Radulphus
517 2763 558 2828 de
584 2762 768 2849 Hydeslye‚
796 2763 854 2847 qui
877 2762 960 2827 tulit
979 2761 1077 2828 breve
1092 2761 1212 2826 mortis
1229 2762 1380 2825 anteces-

226 2848 310 2913 soris
330 2870 447 2914 versus
463 2849 612 2914 Alenum
629 2851 670 2914 de
685 2849 839 2915 Lasceles
864 2850 906 2914 de
930 2849 1041 2914 tribus
1062 2847 1149 2914 eoris
1165 2850 1200 2913 et
1214 2867 1283 2911 una
1297 2847 1381 2911 roda

225 2939 324 3002 terrae
340 2956 417 3000 cum
431 2937 648 3022 pertinentiis
663 2937 698 3000 in
715 2936 870 3018 Fenton',
888 2935 982 3003 venit
998 2939 1033 2999 et
1048 2935 1192 3000 retraxit
1207 2955 1252 2998 se.
1299 2932 1380 3000 Ideo

225 3023 297 3107 ipse
312 3026 348 3090 et
362 3023 467 3109 plegii
483 3025 536 3089 sui
549 3025 593 3102 de
611 3023 844 3109 prosequendo
870 3025 906 3087 in
930 3023 1018 3104 mis'‚
1045 3022 1186 3102 scilicet,
1211 3021 1381 3086 Henricus

226 3111 268 3174 de
286 3110 440 3176 Hewrth'
462 3116 496 3176 et
518 3111 635 3176 Simon
655 3113 695 3176 de
723 3111 841 3176 Laker.
888 3112 934 3175 Et
950 3110 1130 3196 proedictus
1149 3109 1280 3173 Alanus
1301 3108 1381 3172 inde

226 3197 299 3262 sine
315 3197 381 3278 die,
401 3201 466 3264 eto.

290 3352 465 3418 Walterus
492 3353 582 3418 filius
607 3353 773 3418 Willelmi
793 3353 835 3418 de
857 3353 993 3417 Rodum
1008 3355 1044 3419 et
1063 3351 1176 3431 Alina,
1193 3371 1277 3415 uxor
1292 3351 1381 3436 ejus,

225 3440 284 3525 qni
300 3439 455 3505 tulerunt
473 3441 572 3506 breve
587 3440 629 3507 de
647 3440 845 3506 rationabili
867 3442 965 3525 parte
987 3460 1103 3504 versus
1126 3438 1314 3503 liebertum
1339 3437 1380 3504 de

225 3527 358 3592 Rodum
374 3532 410 3593 et
425 3526 597 3606 (desiliam,
623 3549 762 3593 uxorem
782 3529 865 3612 ejus,
886 3528 1058 3591 Simonem
1074 3527 1116 3590 de
1131 3525 1323 3610 Weskerby
1346 3529 1381 3589 et

225 3614 442 3699 Margeriam,
467 3636 605 3681 uxorem
625 3617 709 3698 ejus,
730 3615 924 3681 Johannem
946 3613 1055 3678 filium
1078 3612 1220 3679 Roberti
1235 3611 1380 3694 Russell,

225 3707 261 3766 et
283 3701 474 3782 Isabellam,
499 3701 605 3766 filiam
627 3702 755 3788 Rogeri
777 3703 818 3766 de
834 3701 1067 3780 suademus,
1083 3721 1153 3765 non
1169 3704 1251 3763 sunt
1265 3721 1379 3785 prose-

226 3789 308 3854 cuti.
355 3788 437 3854 Ideo
459 3789 526 3874 ipsi
541 3793 577 3853 et
592 3789 696 3874 plegii
713 3789 765 3854 sui
781 3790 822 3854 de
837 3789 1071 3874 prosequendo
1086 3788 1124 3851 in
1138 3784 1227 3867 mis’,
1243 3787 1382 3869 scilieet,

225 3875 416 3941 Willelmus
432 3877 474 3941 de
490 3876 641 3961 Nesebyt
656 3881 691 3943 et
708 3877 900 3961 Stephanus
916 3875 1007 3940 filius
1023 3873 1181 3956 Gallridi,
1198 3879 1262 3940 ete.

297 4030 465 4095 Robertus
503 4031 545 4095 de
588 4030 702 4096 Lulrer
742 4031 844 4116 petiit
881 4030 917 4094 in
963 4029 1128 4094 comitatu
1160 4027 1381 4112 Ranulphum

134 4124 137 4129 '
226 4117 379 4203 Fesewyf
393 4123 434 4181 ut
448 4118 602 4182 nativum
618 4122 654 4182 et
667 4118 855 4202 fugitivum
870 4139 969 4182 suum
985 4138 1059 4182 eum
1076 4115 1232 4181 omnibus
1249 4115 1381 4180 catallis

226 4205 295 4270 suis
312 4208 348 4269 et
362 4207 437 4269 tota
452 4205 587 4288 sequela
604 4227 666 4270 sua
686 4205 898 4289 ubicumque,
915 4209 993 4284 etc,
1016 4203 1066 4268 ita
1089 4202 1179 4286 quod
1200 4203 1380 4287 praedictus

225 4291 428 4377 Ranulphus
451 4292 533 4357 tulit
557 4293 655 4357 breve
679 4292 719 4356 de
747 4292 905 4357 libertate
931 4313 993 4355 sua
1018 4289 1205 4375 probanda,
1221 4291 1273 4354 ita
1292 4291 1382 4374 quod

225 4377 359 4464 loquela
373 4379 486 4464 posita
500 4379 570 4444 fuit
586 4379 652 4444 hic.
698 4381 745 4443 Et
768 4379 867 4443 modo
882 4378 1024 4443 veniunt
1044 4377 1197 4462 praedicti
1213 4377 1381 4441 liebertus

228 4470 263 4532 et
278 4465 491 4551 Itanulphus‚
508 4470 544 4530 et
559 4466 755 4532 concordati
777 4470 857 4531 sunt
880 4487 940 4551 per
961 4465 1145 4531 licentiam.
1190 4464 1237 4527 Et
1256 4464 1385 4529 Ranul-

227 4553 315 4639 phus
331 4553 390 4618 dat
406 4553 583 4619 dimidiam
597 4555 652 4635 m',
668 4575 729 4639 pro
745 4553 885 4620 licentia
908 4551 1133 4620 concordandi
1154 4573 1214 4636 per
1233 4550 1382 4704 plegium
1445 4557 1449 4562 '

1196 4659 1218 4704 s
