3272 5092
293 555 356 626 lss
441 581 555 626 ussrzr.
579 576 676 642 notu,
700 577 1038 644 roaunurmnamun,
1063 559 1105 628 53
1128 584 1211 628 nau.
1235 579 1289 628 111.

292 737 392 801 sociis
414 738 537 802 vestris
566 736 774 802 Justiciariis
796 737 918 802 ultimo
941 737 1185 803 itinerantibus
1208 739 1245 802 in
1268 735 1443 802 Comitatu

294 823 658 904 Nerthumberlaudiae,
673 823 919 909 implacitasset
934 825 1137 891 Nicholaum
1165 825 1266 890 Cosiu
1295 829 1331 890 et
1353 823 1441 886 Tho·

293 933 381 975 mam
398 912 439 976 de
454 910 556 976 Blida
568 933 629 996 per
643 911 742 977 breve
757 917 913 977 nostrum
929 913 971 976 de
986 911 1245 978 rationabilibus
1261 911 1388 988 divisio,
1405 919 1440 972 et

294 1020 352 1062 vos
367 1004 506 1083 propter
521 997 747 1082 exceptiones,
775 998 1013 1064 altercationes
1037 1001 1186 1065 diversas
1214 1020 1325 1066 eoram
1348 995 1442 1062 vobis

293 1085 383 1149 inter
406 1091 521 1169 partes
547 1084 725 1169 praedictas
748 1085 897 1166 habitas,
921 1086 1084 1171 placitum
1111 1087 1196 1151 illud
1221 1085 1383 1150 tenuistis
1406 1084 1442 1146 in

294 1193 469 1257 suspenso,
495 1175 531 1235 et
555 1172 642 1236 diem
671 1171 826 1258 partibus
852 1193 964 1238 coram
997 1175 1089 1239 vobis
1112 1173 1305 1259 praefixistis
1330 1193 1439 1237 coram

200 1309 202 1314 .
291 1260 385 1325 vobis
400 1260 492 1344 apud
507 1259 744 1343 Ireycestm'em
759 1258 934 1344 justiciam
946 1261 1069 1325 ibidem
1086 1261 1122 1324 in
1137 1261 1272 1345 loquela
1282 1259 1443 1345 praedicta

291 1346 487 1432 recepturis.
526 1347 572 1410 Et
587 1367 648 1410 nos
663 1348 879 1430 postmodum
894 1348 1023 1432 placita
1037 1348 1171 1413 itineris
1187 1349 1290 1413 vestri
1302 1347 1338 1411 in
1350 1347 1442 1410 dicto

292 1434 467 1500 Comitatu
482 1432 684 1519 Leycestrioe
699 1433 901 1517 quibusdam
917 1436 959 1500 de
974 1435 1085 1500 causis
1105 1437 1186 1520 poni
1201 1435 1381 1500 fecerimus
1406 1434 1441 1496 in

293 1542 465 1606 suspenso.
504 1521 550 1583 Et
565 1520 645 1603 quia
660 1520 748 1583 idem
765 1520 912 1588 Thomas
927 1520 964 1585 in
979 1523 1089 1603 breve,
1102 1523 1317 1607 profecturus
1333 1523 1386 1586 est
1399 1521 1443 1584 ad

294 1611 432 1674 Terram
450 1608 621 1685 Sanctam,
638 1611 777 1691 propter
791 1609 882 1691 quod
896 1609 1039 1676 velimus
1056 1609 1147 1693 quod
1162 1610 1226 1673 sibi
1242 1609 1321 1673 inde
1342 1607 1443 1693 plena

295 1703 330 1762 et
353 1694 471 1760 celeris
494 1693 634 1779 justicia
648 1694 861 1777 exhibeatur,
886 1697 1087 1762 mandamus
1110 1697 1214 1775 vobis,
1238 1696 1327 1761 sicut
1350 1695 1445 1760 vobis

294 1783 378 1849 alias
410 1781 655 1859 mandavimus,
685 1782 774 1865 quod
805 1783 980 1847 recordum
1010 1789 1046 1848 et
1099 1805 1267 1848 recessum
1304 1782 1444 1866 loquelae

294 1871 462 1956 preadictae
477 1890 554 1933 cum
569 1867 726 1932 omnibns
741 1868 956 1935 adminiculis
977 1806 1143 1955 loquelhm
1159 1871 1253 1935 illam
1268 1869 1444 1955 tangenti-

296 1961 357 2022 bus
384 1957 481 2021 nobis
509 1956 571 2020 sub
595 1954 708 2039 sigillo
734 1965 845 2021 vostro
871 1947 1031 2037 mittatis,
1063 1957 1114 2022 ita
1142 1957 1231 2042 quod
1260 1958 1444 2022 habeamus

296 2066 406 2110 coram
440 2043 536 2107 nobis
567 2043 602 2104 iu
633 2041 763 2107 octabis
796 2043 912 2108 Sancti
942 2044 1091 2125 Hillarii,
1121 2045 1323 2129 ubicumque
1362 2051 1444 2108 tunc

293 2132 458 2197 fuerimus
475 2130 511 2194 in
526 2129 662 2214 Anglia,
680 2134 718 2193 ut
733 2151 806 2210 nos,
822 2131 974 2215 praefatis
990 2132 1126 2197 Thomae
1149 2136 1185 2196 et
1206 2130 1383 2209 Nicholao,
1411 2135 1446 2195 et

293 2221 430 2284 Thomas
445 2218 481 2280 in
497 2217 561 2281 hac
576 2223 682 2300 parte,
698 2216 866 2282 faciamus
882 2218 970 2302 quod
982 2219 1023 2284 de
1035 2218 1112 2303 jure
1121 2220 1227 2284 fuerit
1238 2218 1443 2283 faciendum.

294 2308 340 2371 Et
370 2305 524 2370 habeatis
555 2303 604 2367 ibi
632 2303 697 2368 hoc
723 2303 832 2368 breve.
887 2305 988 2370 Teste
1015 2305 1109 2390 Rege
1136 2306 1177 2370 de
1206 2306 1328 2372 Stenas
1355 2306 1445 2389 apud

294 2393 453 2459 Winton'
477 2390 553 2476 viij⁰
577 2390 631 2454 die
658 2389 853 2457 Decembris
878 2413 968 2456 auno
994 2395 1092 2477 regni
1116 2393 1225 2457 nostri
1239 2393 1306 2457 lv¹⁰.
1351 2393 1398 2457 Et
1413 2392 1445 2458 ei

294 2481 456 2558 mittitur,
472 2483 536 2542 etc.

359 2568 405 2631 Et
420 2565 568 2630 Thomas
582 2565 623 2630 de
639 2563 779 2628 Fenwilr
789 2566 888 2650 ponit
902 2565 977 2632 loco
992 2588 1053 2632 suo
1068 2566 1090 2631 J
1092 2567 1260 2634 ohannem
1270 2566 1446 2632 Faucuner

294 2655 347 2722 vel
362 2653 552 2720 Gilbertum
569 2651 777 2738 Shaheneye.

359 2816 471 2881 David
486 2815 528 2878 de
543 2814 670 2899 Byrtel'
685 2814 774 2901 petit
789 2835 904 2880 versus
927 2816 1113 2881 Ricardum
1140 2817 1181 2883 de
1208 2817 1444 2900 Bottelaunde,

296 2907 472 2983 seniorem,
503 2907 650 2986 quatuor
680 2903 855 2987 mesuagia
883 2908 919 2968 et
948 2903 1095 2989 triginta
1125 2909 1159 2969 et
1190 2905 1445 2990 quatuordecim

294 3013 390 3056 acras
417 2995 515 3054 terrae
539 3010 614 3054 cum
638 2988 855 3073 pertinentiis
882 2989 918 3052 in
943 2990 1102 3076 Byrteley
1125 2993 1165 3056 ut
1185 2993 1242 3078 jus
1261 3014 1371 3075 suum,
1386 3015 1446 3079 per

296 3081 395 3145 breve
421 3077 463 3141 de
487 3077 653 3162 ingressu
698 3075 744 3138 Et
769 3075 936 3142 Ricardns
963 3079 1068 3159 venit,
1095 3083 1131 3143 et
1155 3079 1240 3145 dicit
1263 3082 1354 3164 quod
1377 3103 1445 3146 non

294 3169 409 3252 potest
432 3164 463 3227 ei
486 3163 565 3227 iude
587 3162 630 3225 ad
653 3163 718 3228 hoc
740 3163 838 3229 breve
854 3165 1065 3249 respondere,
1081 3167 1162 3250 quia
1177 3167 1270 3248 dicit,
1286 3169 1378 3252 qnod
1392 3168 1445 3234 die

294 3275 361 3338 quo
377 3251 557 3337 pradictus
574 3249 684 3313 David
701 3250 800 3314 breve
815 3271 913 3316 suum
929 3252 1125 3337 impetravit
1141 3275 1256 3320 versus
1272 3275 1359 3336 eum,
1376 3277 1444 3319 non

295 3343 408 3405 tenuit
434 3337 563 3421 aliquid
593 3337 634 3401 de
664 3337 834 3421 praedictis
864 3339 1089 3420 tenementis3
1121 3341 1207 3406 dicit
1236 3341 1326 3406 enim
1356 3344 1446 3427 quod

295 3427 432 3512 quidam
456 3425 623 3490 Ricardus
648 3425 690 3489 de
716 3423 941 3506 Boutelaund,
973 3426 1063 3492 filius
1091 3449 1182 3508 suus,
1210 3433 1307 3494 tenet
1333 3433 1446 3495 totum

294 3515 493 3600 praedictum
523 3516 768 3591 tenementum,
800 3517 835 3576 et
864 3513 978 3577 tenuit
1015 3514 1070 3580 die
1108 3536 1173 3599 quo
1211 3516 1310 3580 breve
1347 3539 1447 3582 suum

295 3600 492 3687 impetravit
521 3619 637 3664 versus
669 3618 757 3662 eum.
817 3599 863 3662 Et
893 3601 974 3684 quia
1002 3601 1114 3666 David
1145 3624 1213 3667 non
1244 3608 1358 3687 potest
1384 3605 1447 3669 hoc

294 3689 459 3766 dedicere,
487 3685 739 3750 consideratum
765 3689 818 3750 est
846 3689 936 3769 quod
960 3688 1141 3773 praedictus
1170 3690 1337 3755 Ricardus
1368 3691 1447 3757 inde

296 3778 369 3842 sine
394 3775 459 3854 die,
485 3777 521 3838 et
546 3771 657 3836 David
680 3772 787 3837 nichil
814 3775 928 3859 capiat
951 3795 1012 3860 per
1037 3775 1136 3840 breve
1161 3777 1264 3857 istud,
1282 3782 1335 3844 set
1350 3779 1396 3843 sit
1412 3779 1448 3842 in

296 3863 371 3928 mis’
388 3882 448 3946 pro
463 3861 551 3924 falso
568 3858 723 3923 clamore.
769 3860 816 3923 Et
838 3863 1012 3946 perquirat
1028 3862 1093 3927 eibi
1108 3884 1169 3948 per
1184 3863 1276 3929 aliud
1292 3865 1401 3947 breve,
1419 3866 1448 3931 si

296 3950 450 4015 voluerit.

361 4115 488 4198 Agnes,
513 4111 585 4175 filia
610 4111 693 4175 Adae
719 4111 761 4176 de
787 4111 997 4192 Suarleund,
1024 4114 1112 4196 petit
1138 4135 1253 4180 versus
1279 4115 1449 4200 Agnetem

298 4203 485 4287 Ooldesyne
515 4221 622 4263 unum
653 4200 865 4284 mesuagium
895 4202 930 4262 et
965 4221 1022 4265 sex
1062 4201 1203 4266 bovatas
1240 4207 1339 4267 terra
1373 4225 1450 4268 cum

296 4287 514 4392 pertinentiis
552 4287 586 4349 in
627 4284 856 4365 Suarelaund‚
893 4294 934 4349 ut
963 4287 1020 4371 jus
1050 4308 1160 4370 suum,
1190 4310 1251 4374 per
1279 4289 1378 4358 breve
1408 4290 1449 4356 de

294 4397 546 4546 mghidshgnes
570 4459 770 4547 Ooldesyine
795 4459 900 4541 venit,
924 4464 961 4525 et
984 4461 1068 4550 dicit
1092 4463 1182 4546 quod
1196 4485 1266 4528 non
1288 4469 1403 4549 potest
1418 4463 1449 4529 ei

294 4551 373 4617 inde
383 4549 596 4635 respondere,
606 4548 687 4631 quia
699 4547 783 4613 dicit
798 4548 888 4631 quod
904 4569 973 4612 non
990 4551 1087 4616 tenet
1101 4549 1235 4637 integre
1249 4552 1447 4637 pradictum
