3264 5110
266 508 328 575 272
434 528 547 574 sssrzu
574 507 1075 590 animumanimumum?
1099 527 1185 573 rnvv.
1208 528 1234 572 1.

265 686 306 749 de
338 683 555 763 Bottelaund,
586 681 641 749 cui
671 681 845 749 Gilbertus
875 683 935 747 lin
964 683 996 748 le
1018 683 1110 763 Keu,
1132 685 1231 767 pater
1259 679 1413 767 pmdicti

264 772 418 873 Davidis,
434 771 533 856 cujus
548 771 645 834 heres
668 772 741 855 ipse
767 769 906 850 catilla
929 769 1061 835 dimisit
1087 769 1130 834 ad
1156 768 1339 834 terminum
1354 768 1412 854 qui

264 861 557 1010 praeiletliiticreaidus
572 943 667 1008 venit
682 948 717 1010 et
732 944 928 1009 concordati
951 948 1033 1008 sunt
1055 947 1091 1008 et
1112 943 1224 1008 David
1239 944 1300 1007 dat
1315 943 1411 1007 dimi-

263 1032 355 1097 diam
376 1035 420 1096 m'
443 1053 504 1118 pro
530 1031 671 1098 licentia
700 1031 936 1096 concordandi.
981 1031 1026 1095 nt
1051 1035 1103 1096 est
1127 1030 1306 1096 concordia
1332 1030 1411 1095 talis

264 1121 354 1206 quod
368 1121 550 1205 pradictus
566 1118 677 1183 David
700 1119 912 1203 recognoscit
933 1118 1095 1202 praedicta
1118 1122 1314 1184 tenementa
1339 1139 1412 1183 esso

263 1209 321 1293 jus
336 1207 443 1294 ipsius
459 1207 609 1285 Ricardi,
630 1211 665 1270 et
687 1205 749 1270 illa
770 1206 800 1270 ei
825 1206 956 1270 remisit
981 1211 1016 1271 et
1041 1204 1156 1290 quieta
1179 1205 1348 1286 clamavit,
1371 1206 1413 1271 de

183 1313 185 1318 ·
265 1316 301 1360 se
316 1300 352 1360 et
367 1293 547 1359 heredibus
564 1293 645 1372 suis,
661 1292 823 1378 praedicto
849 1293 995 1359 Ricardo
1022 1297 1058 1356 et
1080 1293 1261 1358 heredibus
1285 1293 1354 1357 suis
1376 1293 1412 1355 in

263 1379 1150 1553 ttttttnttttttttvtttettttt
1167 1379 1228 1444 aar
1250 1379 1282 1444 a
1308 1401 1412 1445 “mm

330 1606 512 1686 Oristiana,
538 1627 610 1690 quae
634 1605 704 1671 tuit
731 1626 815 1669 uxor
839 1604 981 1670 Roberti
1007 1604 1154 1690 Mareys,
1178 1603 1268 1689 petit
1296 1625 1412 1668 versus

265 1693 450 1760 Robertum
465 1693 497 1758 le
514 1693 678 1758 Warener
700 1692 840 1758 tertiam
862 1696 993 1778 partem
1016 1691 1118 1756 unius
1144 1693 1238 1772 tofti,
1254 1695 1290 1756 et
1311 1692 1413 1755 unius

264 1782 377 1858 crofti,
394 1786 429 1846 et
444 1786 589 1864 quatuor
603 1801 757 1845 acrarum
775 1782 873 1844 terrae
900 1801 977 1844 cum
999 1778 1216 1864 pertinentiis
1231 1779 1267 1843 in
1284 1778 1413 1863 Elling-

262 1869 346 1946 ton',
365 1872 404 1932 nt
418 1868 533 1932 dotem
549 1889 656 1947 suam,
672 1871 736 1934 etc.
767 1868 812 1931 Et
828 1867 996 1932 Robertus
1007 1866 1101 1930 venit
1116 1871 1152 1930 et
1164 1888 1225 1951 per
1240 1866 1413 1931 licentiam

264 1955 377 2020 reddit
410 1955 441 2020 ei
471 1955 666 2041 praedictam
697 1955 811 2018 dotem
841 1975 946 2018 suam.
992 1953 1074 2018 Ideo
1104 1953 1230 2018 habeat
1253 1953 1410 2020 seisinam

265 2063 371 2122 suam,
389 2045 453 2108 etc.

329 2162 457 2228 Eadem
472 2161 644 2227 Oristiaua
658 2162 785 2247 optulit
811 2183 845 2226 se
869 2160 946 2247 ffija
968 2161 1022 2225 die
1037 2182 1152 2226 versus
1167 2160 1315 2226 Alesiam
1333 2161 1411 2227 Ber-

264 2253 363 2328 tram,
381 2250 422 2314 de
436 2248 562 2334 placito
578 2249 689 2314 tertiae
711 2249 819 2335 partis
845 2253 922 2314 octo
946 2270 1100 2313 acrarum
1124 2253 1222 2313 terrae
1244 2270 1321 2314 cum
1336 2270 1411 2333 per-

264 2337 421 2402 tinentiis
436 2337 472 2400 in
493 2337 610 2402 eadem
625 2335 715 2415 villa,
732 2357 832 2421 quam
854 2335 978 2401 clamat
998 2335 1035 2398 in
1061 2335 1152 2414 dote,
1168 2349 1231 2401 etc.
1276 2336 1323 2400 Et
1338 2337 1412 2421 ipsa

264 2444 333 2488 non
362 2423 466 2490 venit.
526 2424 572 2487 Et
602 2423 686 2488 elias
716 2423 802 2488 fecit
832 2422 1007 2502 defaltum,
1039 2422 1180 2502 scilicet,
1206 2422 1242 2486 in
1272 2422 1411 2488 Octabis

266 2511 383 2576 Sancti
407 2511 556 2590 Hillarii‚
581 2510 624 2574 cb
650 2531 763 2595 quam,
791 2515 996 2594 praeceptum
1018 2509 1089 2573 tuit
1111 2510 1301 2575 vicecomiti
1324 2511 1413 2594 quod

264 2604 401 2683 caperet
416 2598 613 2682 praedictam
634 2597 773 2662 tertiam
788 2601 921 2682 partem
943 2597 979 2660 in
994 2619 1133 2662 inanum
1149 2596 1279 2661 domini
1294 2598 1410 2682 Regis,

264 2690 300 2752 et
316 2686 404 2770 quod
428 2686 527 2764 diem,
544 2691 620 2762 etc,
637 2687 672 2750 et
698 2685 788 2768 quod
814 2683 1036 2750 summoniret
1051 2705 1126 2748 eam
1142 2685 1230 2768 quod
1246 2690 1334 2750 esset
1356 2685 1412 2750 hic

265 2773 410 2837 adhunc
422 2773 523 2853 diem,
535 2771 675 2850 scilicet,
686 2772 740 2836 die
753 2771 875 2836 Martis
886 2772 1039 2856 proxima
1048 2775 1126 2856 post
1137 2771 1412 2837 Purificationem

264 2860 379 2924 Beata
394 2859 521 2925 Mariae.
567 2859 613 2924 Et
627 2859 810 2924 vicecomes
833 2860 933 2922 modo
956 2863 1107 2924 testatur
1126 2859 1215 2923 diem
1230 2859 1407 2943 captionis.

265 2947 311 3011 Et
326 2947 415 3030 quod
441 2947 637 3024 summouit,
653 2951 717 3012 etc.
764 2946 847 3010 Ideo
872 2945 1123 3011 consideratum
1149 2952 1201 3010 est
1227 2947 1316 3030 quod
1328 2968 1412 3032 prae-

265 3035 358 3099 dicta
395 3033 565 3099 Oristiana
595 3040 771 3117 recuperet
801 3033 962 3097 seisinam
993 3054 1087 3098 suam
1112 3053 1229 3098 versus
1256 3055 1329 3098 eam
1353 3055 1413 3118 per

265 3119 439 3185 defaltam.
486 3121 532 3184 Et
547 3120 664 3186 Alesia
678 3121 713 3184 in
731 3120 818 3198 mis'‚
834 3123 899 3186 etc.

329 3257 509 3343 Philippus
524 3258 566 3322 de
587 3257 770 3323 Bokesfeld
785 3257 911 3343 optulit
934 3279 969 3324 se
991 3256 1069 3342 iiijv
1084 3257 1139 3323 die
1154 3278 1270 3323 versus
1293 3258 1412 3344 Hugo-

263 3367 342 3410 nem
357 3346 398 3411 de
414 3345 503 3430 Grey
519 3346 560 3409 de
582 3344 708 3430 placito
731 3345 819 3429 quod
845 3345 965 3410 reddat
991 3345 1022 3409 ei
1048 3344 1236 3410 custodiam
1257 3350 1355 3411 terrae
1378 3350 1413 3411 et

263 3433 397 3497 heredis
424 3433 565 3498 Roberti
602 3432 805 3512 Mente-lent,
833 3453 933 3516 quam
958 3432 1001 3496 ad
1027 3432 1137 3516 ipsum
1163 3432 1321 3517 pertinet,
1347 3436 1411 3500 etc.

263 3520 310 3583 Et
323 3519 395 3603 ipse
411 3541 479 3584 non
495 3520 599 3585 venit.
645 3519 691 3582 Et
706 3519 831 3604 pluries
854 3518 938 3584 fecit
964 3519 1119 3584 defaltas.
1166 3519 1247 3584 Ideo
1268 3541 1412 3605 praecep

263 3612 338 3670 tum
362 3621 415 3671 est
430 3606 621 3672 vicecomiti
646 3607 734 3690 quod
758 3605 943 3691 distringat
967 3627 1043 3671 eum
1070 3627 1131 3691 per
1156 3627 1271 3672 omnes
1293 3610 1411 3687 terras,

263 3698 341 3773 etc,
358 3697 393 3757 et
418 3693 506 3778 quod
530 3694 571 3760 de
594 3693 752 3771 exitibus,
777 3696 853 3773 ete,
871 3697 906 3757 et
930 3694 1019 3777 quod
1043 3694 1167 3758 habeat
1194 3715 1314 3780 corpus
1337 3695 1412 3779 ejus

263 3782 355 3865 apud
369 3781 559 3846 Eboracum
576 3780 611 3844 in
628 3779 767 3846 Octabis
784 3779 917 3850 Sanctae
932 3781 1123 3861 Trinitatis,
1139 3785 1204 3847 etc.

328 3903 481 3988 Angues,
497 3921 571 3985 quse
585 3900 655 3964 fuit
671 3921 755 3965 uxor
770 3900 931 3966 Willelmi
946 3900 1010 3965 filii
1033 3901 1180 3967 Gilberti
1204 3902 1245 3967 de
1271 3901 1412 3981 Dalton,

263 3990 352 4074 petit
378 4010 494 4053 versus
520 3988 709 4053 Robertum
735 3987 843 4051 filium
858 3989 1029 4074 Angnetis
1053 3989 1094 4053 de
1118 3989 1258 4053 Dalton’
1273 3990 1412 4053 tertiam

263 4080 397 4162 partem
412 4075 560 4159 quinque
577 4096 731 4140 acrarum
754 4078 853 4140 terroe
875 4097 951 4140 cum
974 4075 1191 4160 pertinentiis
1206 4075 1243 4139 iu
1258 4076 1412 4156 Dalton',

264 4167 304 4229 ut
320 4164 435 4227 dotem
463 4185 570 4242 suam,
587 4167 652 4227 etc.
698 4163 744 4226 Et
769 4163 939 4227 Robertus
963 4164 1057 4228 venit
1083 4167 1118 4229 et
1142 4166 1241 4228 vocat
1266 4162 1346 4229 inde
1368 4164 1412 4227 ad

265 4255 469 4315 warrantum
494 4249 645 4313 Priorem
667 4248 925 4330 Heriltesham',
942 4251 999 4334 qui
1016 4250 1114 4314 modo
1129 4251 1224 4314 venit
1248 4271 1308 4335 per
1323 4272 1412 4316 sum-

264 4336 482 4402 monitionem
500 4341 535 4402 et
550 4337 582 4402 ei
599 4337 836 4416 warrantizat3
859 4341 894 4401 et
910 4342 1008 4401 vocat
1022 4337 1100 4401 inde
1116 4337 1258 4402 ulterius
1274 4338 1318 4402 ad
1328 4359 1412 4402 vvar-

263 4431 401 4488 rantum
418 4424 599 4508 Hugonem
616 4423 723 4487 filium
739 4423 904 4490 Willelmi
919 4423 982 4487 filii
998 4423 1154 4504 Gilberti,
1172 4426 1229 4508 qui
1244 4427 1338 4490 venit
1353 4446 1414 4510 per

264 4513 561 4577 summonitionem
580 4514 615 4578 et
635 4511 666 4576 ei
683 4511 911 4592 warrantizat,
927 4515 963 4576 et
977 4531 1038 4598 per
1051 4511 1224 4578 licentiam
1246 4512 1360 4578 reddit
1381 4512 1413 4578 ei
