<?xml version="1.0" encoding="UTF-8"?>
<!DOCTYPE html PUBLIC "-//W3C//DTD XHTML 1.0 Transitional//EN"
    "http://www.w3.org/TR/xhtml1/DTD/xhtml1-transitional.dtd">
<html xmlns="http://www.w3.org/1999/xhtml" xml:lang="en" lang="en">
 <head>
  <title>
</title>
<meta http-equiv="Content-Type" content="text/html;charset=utf-8" />
  <meta name='ocr-system' content='tesseract 3.04.00' />
  <meta name='ocr-capabilities' content='ocr_page ocr_carea ocr_par ocr_line ocrx_word'/>
</head>
<body>
  <div class='ocr_page' id='page_1' title='image "./threeearlyassiz01pagegoog_0038.png"; bbox 0 0 3280 5112; ppageno 0'>
   <div class='ocr_carea' id='block_1_1' title="bbox 259 515 1254 596">
    <p class='ocr_par' dir='ltr' id='par_1_1' title="bbox 259 515 1254 596">
     <span class='ocr_line' id='line_1_1' title="bbox 259 515 1254 596; baseline -0.003 -16"><span class='ocrx_word' id='word_1_1' title='bbox 259 515 279 580; x_wconf 88' lang='lat'>6</span> <span class='ocrx_word' id='word_1_2' title='bbox 408 536 522 582; x_wconf 76' lang='lat' dir='ltr'><strong>sssrzn</strong></span> <span class='ocrx_word' id='word_1_3' title='bbox 544 536 641 596; x_wconf 66' lang='lat' dir='ltr'><strong>nour,</strong></span> <span class='ocrx_word' id='word_1_4' title='bbox 665 535 1002 596; x_wconf 70' lang='lat' dir='ltr'><strong>nonsummum,</strong></span> <span class='ocrx_word' id='word_1_5' title='bbox 1025 515 1067 579; x_wconf 81' lang='lat'><strong>40</strong></span> <span class='ocrx_word' id='word_1_6' title='bbox 1090 533 1173 578; x_wconf 80' lang='lat' dir='ltr'><strong>nnn.</strong></span> <span class='ocrx_word' id='word_1_7' title='bbox 1198 533 1254 577; x_wconf 72' lang='grc' dir='ltr'>ιιι·</span> 
     </span>
    </p>
   </div>
   <div class='ocr_carea' id='block_1_2' title="bbox 259 684 1406 933">
    <p class='ocr_par' dir='ltr' id='par_1_2' title="bbox 259 684 1406 933">
     <span class='ocr_line' id='line_1_2' title="bbox 259 684 1405 776; baseline -0.004 -22"><span class='ocrx_word' id='word_1_8' title='bbox 259 689 297 754; x_wconf 92' lang='lat' dir='ltr'><strong>in</strong></span> <span class='ocrx_word' id='word_1_9' title='bbox 318 689 412 757; x_wconf 81' lang='lat' dir='ltr'><strong>brevi</strong></span> <span class='ocrx_word' id='word_1_10' title='bbox 432 690 475 756; x_wconf 89' lang='lat' dir='ltr'><strong>de</strong></span> <span class='ocrx_word' id='word_1_11' title='bbox 488 691 675 758; x_wconf 71' lang='lat' dir='ltr'><strong>tenemeni&#39;</strong></span> <span class='ocrx_word' id='word_1_12' title='bbox 690 690 728 754; x_wconf 93' lang='lat' dir='ltr'><strong>in</strong></span> <span class='ocrx_word' id='word_1_13' title='bbox 749 689 921 776; x_wconf 81' lang='lat' dir='ltr'><strong>Berewyk,</strong></span> <span class='ocrx_word' id='word_1_14' title='bbox 936 711 1007 755; x_wconf 91' lang='lat' dir='ltr'><strong>non</strong></span> <span class='ocrx_word' id='word_1_15' title='bbox 1029 692 1081 756; x_wconf 78' lang='lat' dir='ltr'><strong>est</strong></span> <span class='ocrx_word' id='word_1_16' title='bbox 1102 689 1313 774; x_wconf 68' lang='lat' dir='ltr'><strong>prosecutus,</strong></span> <span class='ocrx_word' id='word_1_17' title='bbox 1328 684 1405 750; x_wconf 89' lang='lat' dir='ltr'><strong>idco</strong></span> 
     </span>
     <span class='ocr_line' id='line_1_3' title="bbox 259 773 1406 929; baseline -0.006 -85"><span class='ocrx_word' id='word_1_18' title='bbox 259 777 331 929; x_wconf 42' lang='grc' dir='ltr'><strong>γε</strong></span> <span class='ocrx_word' id='word_1_19' title='bbox 347 781 383 842; x_wconf 78' lang='lat' dir='ltr'><strong>ei</strong></span> <span class='ocrx_word' id='word_1_20' title='bbox 396 776 502 897; x_wconf 65' lang='lat' dir='ltr'><strong>plpgii</strong></span> <span class='ocrx_word' id='word_1_21' title='bbox 516 777 571 843; x_wconf 85' lang='lat' dir='ltr'><strong>sui</strong></span> <span class='ocrx_word' id='word_1_22' title='bbox 584 779 626 846; x_wconf 85' lang='lat' dir='ltr'><strong>de</strong></span> <span class='ocrx_word' id='word_1_23' title='bbox 640 779 873 865; x_wconf 87' lang='lat' dir='ltr'><strong>prosequendo</strong></span> <span class='ocrx_word' id='word_1_24' title='bbox 887 778 928 897; x_wconf 66' lang='lat' dir='ltr'><strong>iu</strong></span> <span class='ocrx_word' id='word_1_25' title='bbox 940 776 1028 859; x_wconf 91' lang='lat' dir='ltr'><strong>mis’,</strong></span> <span class='ocrx_word' id='word_1_26' title='bbox 1045 775 1186 856; x_wconf 74' lang='lat' dir='ltr'><strong>scilicet,</strong></span> <span class='ocrx_word' id='word_1_27' title='bbox 1201 773 1406 859; x_wconf 81' lang='lat' dir='ltr'><strong>Rcuulphus</strong></span> 
     </span>
     <span class='ocr_line' id='line_1_4' title="bbox 283 863 940 933; baseline 0.002 -4"><span class='ocrx_word' id='word_1_28' title='bbox 283 863 431 930; x_wconf 80' lang='lat' dir='ltr'><strong>cPlesei</strong></span> <span class='ocrx_word' id='word_1_29' title='bbox 457 868 493 930; x_wconf 79' lang='lat' dir='ltr'><strong>ei</strong></span> <span class='ocrx_word' id='word_1_30' title='bbox 506 864 530 930; x_wconf 87' lang='lat' dir='ltr'><strong>J</strong></span> <span class='ocrx_word' id='word_1_31' title='bbox 531 865 684 932; x_wconf 73' lang='lat' dir='ltr'><strong>ohannes</strong></span> <span class='ocrx_word' id='word_1_32' title='bbox 699 866 741 931; x_wconf 92' lang='lat' dir='ltr'><strong>de</strong></span> <span class='ocrx_word' id='word_1_33' title='bbox 755 865 915 933; x_wconf 77' lang='lat' dir='ltr'><strong>Bremion</strong></span> <span class='ocrx_word' id='word_1_34' title='bbox 931 911 940 930; x_wconf 93' lang='lat'><strong>.</strong></span> 
     </span>
    </p>
   </div>
   <div class='ocr_carea' id='block_1_3' title="bbox 257 991 1412 3616">
    <p class='ocr_par' dir='ltr' id='par_1_3' title="bbox 257 991 1408 2128">
     <span class='ocr_line' id='line_1_5' title="bbox 324 991 1406 1078; baseline -0.004 -18"><span class='ocrx_word' id='word_1_35' title='bbox 324 993 443 1060; x_wconf 83' lang='lat' dir='ltr'><strong>Assisc</strong></span> <span class='ocrx_word' id='word_1_36' title='bbox 455 995 549 1060; x_wconf 77' lang='lat' dir='ltr'><strong>venii</strong></span> <span class='ocrx_word' id='word_1_37' title='bbox 563 1015 641 1061; x_wconf 87' lang='lat' dir='ltr'><strong>rcco</strong></span> <span class='ocrx_word' id='word_1_38' title='bbox 666 994 782 1060; x_wconf 72' lang='lat' dir='ltr'><strong>niiuru</strong></span> <span class='ocrx_word' id='word_1_39' title='bbox 796 995 827 1060; x_wconf 88' lang='lat' dir='ltr'><strong>si</strong></span> <span class='ocrx_word' id='word_1_40' title='bbox 840 991 1026 1061; x_wconf 82' lang='lat' dir='ltr'><strong>Nicholsus</strong></span> <span class='ocrx_word' id='word_1_41' title='bbox 1042 993 1084 1058; x_wconf 87' lang='lat' dir='ltr'><strong>de</strong></span> <span class='ocrx_word' id='word_1_42' title='bbox 1099 992 1256 1078; x_wconf 77' lang='lat' dir='ltr'><strong>Boleeby1</strong></span> <span class='ocrx_word' id='word_1_43' title='bbox 1268 992 1406 1077; x_wconf 81' lang='lat' dir='ltr'><strong>injuste,</strong></span> 
     </span>
     <span class='ocr_line' id='line_1_6' title="bbox 258 1079 1408 1168; baseline -0.003 -22"><span class='ocrx_word' id='word_1_44' title='bbox 258 1084 335 1164; x_wconf 76' lang='lat' dir='ltr'><strong>cte,</strong></span> <span class='ocrx_word' id='word_1_45' title='bbox 351 1081 523 1148; x_wconf 74' lang='lat' dir='ltr'><strong>obstruxit</strong></span> <span class='ocrx_word' id='word_1_46' title='bbox 537 1103 636 1167; x_wconf 82' lang='lat' dir='ltr'><strong>quum</strong></span> <span class='ocrx_word' id='word_1_47' title='bbox 684 1104 718 1146; x_wconf 92' lang='lat' dir='ltr'><strong>m</strong></span> <span class='ocrx_word' id='word_1_48' title='bbox 733 1081 823 1148; x_wconf 78' lang='lat' dir='ltr'><strong>vium</strong></span> <span class='ocrx_word' id='word_1_49' title='bbox 845 1082 883 1146; x_wconf 90' lang='lat' dir='ltr'><strong>in</strong></span> <span class='ocrx_word' id='word_1_50' title='bbox 897 1079 1083 1168; x_wconf 76' lang='lat' dir='ltr'><strong>Longeley⁹</strong></span> <span class='ocrx_word' id='word_1_51' title='bbox 1104 1081 1149 1146; x_wconf 85' lang='lat' dir='ltr'><strong>cd</strong></span> <span class='ocrx_word' id='word_1_52' title='bbox 1165 1084 1408 1146; x_wconf 82' lang='lat' dir='ltr'><strong>nocumentum</strong></span> 
     </span>
     <span class='ocr_line' id='line_1_7' title="bbox 257 1165 1405 1256; baseline -0.002 -24"><span class='ocrx_word' id='word_1_53' title='bbox 257 1167 359 1234; x_wconf 89' lang='lat' dir='ltr'><strong>liberi</strong></span> <span class='ocrx_word' id='word_1_54' title='bbox 379 1169 568 1235; x_wconf 69' lang='lat' dir='ltr'><strong>tenemenii</strong></span> <span class='ocrx_word' id='word_1_55' title='bbox 590 1169 727 1236; x_wconf 72' lang='lat' dir='ltr'><strong>Thomu</strong></span> <span class='ocrx_word' id='word_1_56' title='bbox 747 1170 789 1235; x_wconf 89' lang='lat' dir='ltr'><strong>de</strong></span> <span class='ocrx_word' id='word_1_57' title='bbox 812 1169 919 1256; x_wconf 82' lang='lat' dir='ltr'><strong>Leyes</strong></span> <span class='ocrx_word' id='word_1_58' title='bbox 937 1172 973 1236; x_wconf 79' lang='lat' dir='ltr'><strong>ei</strong></span> <span class='ocrx_word' id='word_1_59' title='bbox 995 1167 1298 1250; x_wconf 82' lang='lat' dir='ltr'><strong>chisiae,uxo1is</strong></span> <span class='ocrx_word' id='word_1_60' title='bbox 1320 1165 1405 1251; x_wconf 84' lang='lat' dir='ltr'><strong>ejus,</strong></span> 
     </span>
     <span class='ocr_line' id='line_1_8' title="bbox 258 1253 1407 1343; baseline -0.003 -21"><span class='ocrx_word' id='word_1_61' title='bbox 258 1255 397 1324; x_wconf 74' lang='lat' dir='ltr'><strong>Uitredi</strong></span> <span class='ocrx_word' id='word_1_62' title='bbox 422 1257 464 1323; x_wconf 92' lang='lat' dir='ltr'><strong>de</strong></span> <span class='ocrx_word' id='word_1_63' title='bbox 487 1257 628 1323; x_wconf 81' lang='lat' dir='ltr'><strong>Perseis</strong></span> <span class='ocrx_word' id='word_1_64' title='bbox 650 1261 687 1322; x_wconf 75' lang='lat' dir='ltr'><strong>ci·</strong></span> <span class='ocrx_word' id='word_1_65' title='bbox 708 1257 899 1343; x_wconf 81' lang='lat' dir='ltr'><strong>Murgeriae,</strong></span> <span class='ocrx_word' id='word_1_66' title='bbox 920 1257 1037 1322; x_wconf 85' lang='lat' dir='ltr'><strong>uxoris</strong></span> <span class='ocrx_word' id='word_1_67' title='bbox 1059 1255 1147 1342; x_wconf 81' lang='lat' dir='ltr'><strong>ejus,</strong></span> <span class='ocrx_word' id='word_1_68' title='bbox 1163 1255 1342 1322; x_wconf 75' lang='lat' dir='ltr'><strong>cristisnae</strong></span> <span class='ocrx_word' id='word_1_69' title='bbox 1365 1253 1407 1318; x_wconf 89' lang='lat' dir='ltr'><strong>de</strong></span> 
     </span>
     <span class='ocr_line' id='line_1_9' title="bbox 259 1341 1408 1431; baseline -0.002 -23"><span class='ocrx_word' id='word_1_70' title='bbox 259 1343 366 1430; x_wconf 82' lang='lat' dir='ltr'><strong>Leyes</strong></span> <span class='ocrx_word' id='word_1_71' title='bbox 382 1347 417 1410; x_wconf 80' lang='lat' dir='ltr'><strong>et</strong></span> <span class='ocrx_word' id='word_1_72' title='bbox 432 1344 522 1426; x_wconf 80' lang='lat' dir='ltr'><strong>Eue,</strong></span> <span class='ocrx_word' id='word_1_73' title='bbox 538 1344 662 1411; x_wconf 86' lang='lat' dir='ltr'><strong>sororis</strong></span> <span class='ocrx_word' id='word_1_74' title='bbox 685 1345 769 1430; x_wconf 87' lang='lat' dir='ltr'><strong>ejus,</strong></span> <span class='ocrx_word' id='word_1_75' title='bbox 785 1345 823 1409; x_wconf 93' lang='lat' dir='ltr'><strong>in</strong></span> <span class='ocrx_word' id='word_1_76' title='bbox 838 1343 956 1431; x_wconf 73' lang='lat' dir='ltr'><strong>heyse,</strong></span> <span class='ocrx_word' id='word_1_77' title='bbox 972 1348 1051 1429; x_wconf 80' lang='lat' dir='ltr'><strong>posi</strong></span> <span class='ocrx_word' id='word_1_78' title='bbox 1067 1344 1223 1430; x_wconf 75' lang='lat' dir='ltr'><strong>primum,</strong></span> <span class='ocrx_word' id='word_1_79' title='bbox 1241 1346 1313 1430; x_wconf 66' lang='lat' dir='ltr'><strong>eie</strong></span> <span class='ocrx_word' id='word_1_80' title='bbox 1360 1341 1408 1406; x_wconf 76' lang='lat' dir='ltr'><strong>nt</strong></span> 
     </span>
     <span class='ocr_line' id='line_1_10' title="bbox 259 1430 1407 1518; baseline -0.003 -23"><span class='ocrx_word' id='word_1_81' title='bbox 259 1431 351 1496; x_wconf 88' lang='lat' dir='ltr'><strong>unde</strong></span> <span class='ocrx_word' id='word_1_82' title='bbox 363 1431 517 1516; x_wconf 71' lang='lat' dir='ltr'><strong>queritur</strong></span> <span class='ocrx_word' id='word_1_83' title='bbox 528 1432 617 1517; x_wconf 90' lang='lat' dir='ltr'><strong>quod</strong></span> <span class='ocrx_word' id='word_1_84' title='bbox 633 1453 710 1498; x_wconf 91' lang='lat' dir='ltr'><strong>cum</strong></span> <span class='ocrx_word' id='word_1_85' title='bbox 725 1431 791 1518; x_wconf 87' lang='lat' dir='ltr'><strong>ipsi</strong></span> <span class='ocrx_word' id='word_1_86' title='bbox 806 1452 938 1518; x_wconf 87' lang='lat' dir='ltr'><strong>semper</strong></span> <span class='ocrx_word' id='word_1_87' title='bbox 953 1432 1077 1499; x_wconf 78' lang='lat' dir='ltr'><strong>hebere</strong></span> <span class='ocrx_word' id='word_1_88' title='bbox 1093 1431 1248 1497; x_wconf 74' lang='lat' dir='ltr'><strong>solebant</strong></span> <span class='ocrx_word' id='word_1_89' title='bbox 1263 1430 1407 1495; x_wconf 88' lang='lat' dir='ltr'><strong>liberum</strong></span> 
     </span>
     <span class='ocr_line' id='line_1_11' title="bbox 260 1516 1408 1602; baseline -0.003 -18"><span class='ocrx_word' id='word_1_90' title='bbox 260 1517 449 1584; x_wconf 79' lang='lat' dir='ltr'><strong>chiminum</strong></span> <span class='ocrx_word' id='word_1_91' title='bbox 471 1540 571 1584; x_wconf 87' lang='lat' dir='ltr'><strong>suum</strong></span> <span class='ocrx_word' id='word_1_92' title='bbox 586 1518 644 1584; x_wconf 92' lang='lat' dir='ltr'><strong>ubi</strong></span> <span class='ocrx_word' id='word_1_93' title='bbox 659 1519 708 1584; x_wconf 88' lang='lat' dir='ltr'><strong>ire</strong></span> <span class='ocrx_word' id='word_1_94' title='bbox 723 1517 877 1587; x_wconf 74' lang='lat' dir='ltr'><strong>solebant</strong></span> <span class='ocrx_word' id='word_1_95' title='bbox 896 1519 940 1585; x_wconf 82' lang='lat' dir='ltr'><strong>ed</strong></span> <span class='ocrx_word' id='word_1_96' title='bbox 962 1524 1150 1586; x_wconf 82' lang='lat' dir='ltr'><strong>merccium</strong></span> <span class='ocrx_word' id='word_1_97' title='bbox 1167 1519 1207 1584; x_wconf 91' lang='lat' dir='ltr'><strong>de</strong></span> <span class='ocrx_word' id='word_1_98' title='bbox 1222 1516 1408 1602; x_wconf 80' lang='lat' dir='ltr'><strong>Corebrig&#39;,</strong></span> 
     </span>
     <span class='ocr_line' id='line_1_12' title="bbox 259 1605 1408 1706; baseline -0.003 -36"><span class='ocrx_word' id='word_1_99' title='bbox 259 1609 294 1671; x_wconf 82' lang='lat' dir='ltr'><strong>et</strong></span> <span class='ocrx_word' id='word_1_100' title='bbox 324 1605 427 1674; x_wconf 75' lang='lat' dir='ltr'><strong>etism</strong></span> <span class='ocrx_word' id='word_1_101' title='bbox 453 1606 497 1670; x_wconf 81' lang='lat' dir='ltr'><strong>ed</strong></span> <span class='ocrx_word' id='word_1_102' title='bbox 523 1605 699 1673; x_wconf 80' lang='lat' dir='ltr'><strong>ecclesium</strong></span> <span class='ocrx_word' id='word_1_103' title='bbox 725 1607 767 1673; x_wconf 88' lang='lat' dir='ltr'><strong>de</strong></span> <span class='ocrx_word' id='word_1_104' title='bbox 797 1606 971 1688; x_wconf 80' lang='lat' dir='ltr'><strong>Heiden&#39;‚³</strong></span> <span class='ocrx_word' id='word_1_105' title='bbox 996 1611 1031 1672; x_wconf 76' lang='lat' dir='ltr'><strong>ei</strong></span> <span class='ocrx_word' id='word_1_106' title='bbox 1057 1606 1139 1672; x_wconf 76' lang='lat' dir='ltr'><strong>aiibi</strong></span> <span class='ocrx_word' id='word_1_107' title='bbox 1164 1605 1256 1671; x_wconf 80' lang='lat' dir='ltr'><strong>ultre</strong></span> <span class='ocrx_word' id='word_1_108' title='bbox 1279 1609 1408 1706; x_wconf 74' lang='lat' dir='ltr'><strong>iempm</strong></span> 
     </span>
     <span class='ocr_line' id='line_1_13' title="bbox 259 1693 1408 1868; baseline -0.002 -24"><span class='ocrx_word' id='word_1_109' title='bbox 259 1693 428 1860; x_wconf 59' lang='lat' dir='ltr'><strong>iiiiii,</strong></span> <span class='ocrx_word' id='word_1_110' title='bbox 444 1693 1408 1868; x_wconf 50' lang='lat' dir='ltr'><strong>diiihi&amp;¹h1hihssdihhhhbiiii</strong></span> 
     </span>
     <span class='ocr_line' id='line_1_14' title="bbox 259 1866 1408 1952; baseline -0.003 -20"><span class='ocrx_word' id='word_1_111' title='bbox 259 1870 295 1932; x_wconf 76' lang='lat' dir='ltr'><strong>ei</strong></span> <span class='ocrx_word' id='word_1_112' title='bbox 316 1869 395 1934; x_wconf 89' lang='lat' dir='ltr'><strong>inde</strong></span> <span class='ocrx_word' id='word_1_113' title='bbox 418 1867 505 1934; x_wconf 78' lang='lat' dir='ltr'><strong>fecit</strong></span> <span class='ocrx_word' id='word_1_114' title='bbox 529 1867 697 1952; x_wconf 77' lang='lat' dir='ltr'><strong>quendam</strong></span> <span class='ocrx_word' id='word_1_115' title='bbox 720 1889 859 1952; x_wconf 84' lang='lat' dir='ltr'><strong>pureum</strong></span> <span class='ocrx_word' id='word_1_116' title='bbox 886 1872 921 1934; x_wconf 76' lang='lat' dir='ltr'><strong>ei</strong></span> <span class='ocrx_word' id='word_1_117' title='bbox 947 1868 1106 1934; x_wconf 76' lang='lat' dir='ltr'><strong>similiter</strong></span> <span class='ocrx_word' id='word_1_118' title='bbox 1126 1867 1298 1934; x_wconf 81' lang='lat' dir='ltr'>includere</span> <span class='ocrx_word' id='word_1_119' title='bbox 1322 1866 1408 1932; x_wconf 76' lang='lat' dir='ltr'><strong>fecii</strong></span> 
     </span>
     <span class='ocr_line' id='line_1_15' title="bbox 258 1953 1407 2041; baseline 0 -21"><span class='ocrx_word' id='word_1_120' title='bbox 258 1955 456 2041; x_wconf 73' lang='lat' dir='ltr'><strong>praedictam</strong></span> <span class='ocrx_word' id='word_1_121' title='bbox 480 1960 606 2022; x_wconf 81' lang='lat' dir='ltr'><strong>terrem</strong></span> <span class='ocrx_word' id='word_1_122' title='bbox 633 1955 684 2020; x_wconf 72' lang='lat' dir='ltr'><strong>iic</strong></span> <span class='ocrx_word' id='word_1_123' title='bbox 709 1956 799 2040; x_wconf 91' lang='lat' dir='ltr'><strong>quod</strong></span> <span class='ocrx_word' id='word_1_124' title='bbox 828 1955 961 2021; x_wconf 89' lang='lat' dir='ltr'><strong>nullum</strong></span> <span class='ocrx_word' id='word_1_125' title='bbox 989 1955 1177 2022; x_wconf 90' lang='lat' dir='ltr'><strong>chiminum</strong></span> <span class='ocrx_word' id='word_1_126' title='bbox 1206 1953 1256 2020; x_wconf 89' lang='lat' dir='ltr'><strong>ibi</strong></span> <span class='ocrx_word' id='word_1_127' title='bbox 1284 1954 1407 2021; x_wconf 78' lang='lat' dir='ltr'><strong>habere</strong></span> 
     </span>
     <span class='ocr_line' id='line_1_16' title="bbox 257 2041 841 2128; baseline 0.002 -21"><span class='ocrx_word' id='word_1_128' title='bbox 257 2046 413 2128; x_wconf 82' lang='lat' dir='ltr'><strong>possunt,</strong></span> <span class='ocrx_word' id='word_1_129' title='bbox 430 2041 519 2108; x_wconf 72' lang='lat' dir='ltr'><strong>sicui</strong></span> <span class='ocrx_word' id='word_1_130' title='bbox 534 2041 659 2108; x_wconf 81' lang='lat' dir='ltr'><strong>hebere</strong></span> <span class='ocrx_word' id='word_1_131' title='bbox 676 2041 841 2108; x_wconf 73' lang='lat' dir='ltr'><strong>solebant.</strong></span> 
     </span>
    </p>

    <p class='ocr_par' dir='ltr' id='par_1_4' title="bbox 257 2129 1412 3616">
     <span class='ocr_line' id='line_1_17' title="bbox 323 2129 1406 2232; baseline -0.002 -37"><span class='ocrx_word' id='word_1_132' title='bbox 323 2131 371 2195; x_wconf 75' lang='lat' dir='ltr'><strong>nt</strong></span> <span class='ocrx_word' id='word_1_133' title='bbox 393 2129 580 2195; x_wconf 85' lang='lat' dir='ltr'><strong>Nicholeus</strong></span> <span class='ocrx_word' id='word_1_134' title='bbox 595 2129 690 2194; x_wconf 77' lang='lat' dir='ltr'><strong>venit</strong></span> <span class='ocrx_word' id='word_1_135' title='bbox 705 2133 740 2194; x_wconf 81' lang='lat' dir='ltr'><strong>et</strong></span> <span class='ocrx_word' id='word_1_136' title='bbox 755 2129 861 2197; x_wconf 84' lang='lat' dir='ltr'><strong>nichil</strong></span> <span class='ocrx_word' id='word_1_137' title='bbox 879 2131 965 2196; x_wconf 77' lang='lat' dir='ltr'><strong>dicii</strong></span> <span class='ocrx_word' id='word_1_138' title='bbox 980 2151 1083 2232; x_wconf 77' lang='lat' dir='ltr'><strong>quare</strong></span> <span class='ocrx_word' id='word_1_139' title='bbox 1099 2129 1207 2196; x_wconf 84' lang='lat' dir='ltr'><strong>sssisu</strong></span> <span class='ocrx_word' id='word_1_140' title='bbox 1221 2132 1406 2210; x_wconf 76' lang='lat' dir='ltr'><strong>remaneat,</strong></span> 
     </span>
     <span class='ocr_line' id='line_1_18' title="bbox 258 2217 1408 2304; baseline 0.001 -23"><span class='ocrx_word' id='word_1_141' title='bbox 258 2217 333 2284; x_wconf 86' lang='lat' dir='ltr'><strong>nisi</strong></span> <span class='ocrx_word' id='word_1_142' title='bbox 359 2220 497 2282; x_wconf 74' lang='lat' dir='ltr'><strong>tentum</strong></span> <span class='ocrx_word' id='word_1_143' title='bbox 521 2217 610 2302; x_wconf 92' lang='lat' dir='ltr'><strong>quod</strong></span> <span class='ocrx_word' id='word_1_144' title='bbox 632 2217 718 2282; x_wconf 78' lang='lat' dir='ltr'><strong>dicii</strong></span> <span class='ocrx_word' id='word_1_145' title='bbox 740 2217 829 2302; x_wconf 91' lang='lat' dir='ltr'><strong>quod</strong></span> <span class='ocrx_word' id='word_1_146' title='bbox 853 2219 1008 2304; x_wconf 78' lang='lat' dir='ltr'><strong>proedicir</strong></span> <span class='ocrx_word' id='word_1_147' title='bbox 1033 2218 1180 2284; x_wconf 74' lang='lat' dir='ltr'><strong>Thomas</strong></span> <span class='ocrx_word' id='word_1_148' title='bbox 1203 2218 1312 2284; x_wconf 73' lang='lat' dir='ltr'><strong>etalii</strong></span> <span class='ocrx_word' id='word_1_149' title='bbox 1328 2221 1408 2282; x_wconf 80' lang='lat' dir='ltr'><strong>sunt</strong></span> 
     </span>
     <span class='ocr_line' id='line_1_19' title="bbox 258 2303 1405 2390; baseline -0.002 -22"><span class='ocrx_word' id='word_1_150' title='bbox 258 2304 412 2372; x_wconf 89' lang='lat' dir='ltr'><strong>homines</strong></span> <span class='ocrx_word' id='word_1_151' title='bbox 428 2304 561 2369; x_wconf 65' lang='lat' dir='ltr'><strong>villeni‘i</strong></span> <span class='ocrx_word' id='word_1_152' title='bbox 576 2303 629 2369; x_wconf 91' lang='lat' dir='ltr'><strong>sui</strong></span> <span class='ocrx_word' id='word_1_153' title='bbox 644 2307 680 2369; x_wconf 78' lang='lat' dir='ltr'><strong>et</strong></span> <span class='ocrx_word' id='word_1_154' title='bbox 696 2306 785 2389; x_wconf 92' lang='lat' dir='ltr'><strong>quod</strong></span> <span class='ocrx_word' id='word_1_155' title='bbox 799 2305 932 2370; x_wconf 82' lang='lat' dir='ltr'><strong>nullum</strong></span> <span class='ocrx_word' id='word_1_156' title='bbox 953 2306 1142 2372; x_wconf 82' lang='lat' dir='ltr'><strong>chiminum</strong></span> <span class='ocrx_word' id='word_1_157' title='bbox 1163 2327 1334 2390; x_wconf 85' lang='lat' dir='ltr'><strong>uncquem</strong></span> <span class='ocrx_word' id='word_1_158' title='bbox 1356 2303 1405 2369; x_wconf 91' lang='lat' dir='ltr'><strong>ibi</strong></span> 
     </span>
     <span class='ocr_line' id='line_1_20' title="bbox 257 2391 1405 2480; baseline 0 -24"><span class='ocrx_word' id='word_1_159' title='bbox 257 2393 382 2460; x_wconf 76' lang='lat' dir='ltr'><strong>hebere</strong></span> <span class='ocrx_word' id='word_1_160' title='bbox 398 2395 646 2458; x_wconf 72' lang='lat' dir='ltr'><strong>consueverunt</strong></span> <span class='ocrx_word' id='word_1_161' title='bbox 666 2391 733 2457; x_wconf 87' lang='lat' dir='ltr'><strong>nisi</strong></span> <span class='ocrx_word' id='word_1_162' title='bbox 754 2392 795 2458; x_wconf 89' lang='lat' dir='ltr'><strong>de</strong></span> <span class='ocrx_word' id='word_1_163' title='bbox 817 2392 994 2462; x_wconf 76' lang='lat' dir='ltr'><strong>voluntcic</strong></span> <span class='ocrx_word' id='word_1_164' title='bbox 1009 2397 1045 2459; x_wconf 78' lang='lat' dir='ltr'><strong>ei</strong></span> <span class='ocrx_word' id='word_1_165' title='bbox 1060 2392 1282 2480; x_wconf 78' lang='lat' dir='ltr'><strong>permissione</strong></span> <span class='ocrx_word' id='word_1_166' title='bbox 1296 2392 1405 2477; x_wconf 84' lang='lat' dir='ltr'><strong>ipsius</strong></span> 
     </span>
     <span class='ocr_line' id='line_1_21' title="bbox 257 2479 1407 2567; baseline -0.001 -23"><span class='ocrx_word' id='word_1_167' title='bbox 257 2479 427 2560; x_wconf 86' lang='lat' dir='ltr'><strong>Nicholsi,</strong></span> <span class='ocrx_word' id='word_1_168' title='bbox 444 2482 480 2544; x_wconf 76' lang='lat' dir='ltr'><strong>ct</strong></span> <span class='ocrx_word' id='word_1_169' title='bbox 503 2479 544 2545; x_wconf 90' lang='lat' dir='ltr'><strong>de</strong></span> <span class='ocrx_word' id='word_1_170' title='bbox 566 2479 630 2544; x_wconf 93' lang='lat' dir='ltr'><strong>hoc</strong></span> <span class='ocrx_word' id='word_1_171' title='bbox 652 2481 750 2564; x_wconf 78' lang='lat' dir='ltr'><strong>ponii</strong></span> <span class='ocrx_word' id='word_1_172' title='bbox 766 2500 801 2545; x_wconf 87' lang='lat' dir='ltr'><strong>se</strong></span> <span class='ocrx_word' id='word_1_173' title='bbox 817 2501 918 2567; x_wconf 89' lang='lat' dir='ltr'><strong>super</strong></span> <span class='ocrx_word' id='word_1_174' title='bbox 938 2481 1092 2562; x_wconf 74' lang='lat' dir='ltr'><strong>uesicam,</strong></span> <span class='ocrx_word' id='word_1_175' title='bbox 1108 2485 1174 2548; x_wconf 75' lang='lat' dir='ltr'><strong>etc.</strong></span> <span class='ocrx_word' id='word_1_176' title='bbox 1229 2480 1407 2545; x_wconf 77' lang='lat' dir='ltr'><strong>Jursiores</strong></span> 
     </span>
     <span class='ocr_line' id='line_1_22' title="bbox 259 2566 1408 2654; baseline 0 -22"><span class='ocrx_word' id='word_1_177' title='bbox 259 2567 390 2648; x_wconf 77' lang='lat' dir='ltr'><strong>dicunt,</strong></span> <span class='ocrx_word' id='word_1_178' title='bbox 416 2587 518 2651; x_wconf 86' lang='lat' dir='ltr'><strong>super</strong></span> <span class='ocrx_word' id='word_1_179' title='bbox 546 2571 797 2632; x_wconf 74' lang='lat' dir='ltr'><strong>sacramentum</strong></span> <span class='ocrx_word' id='word_1_180' title='bbox 823 2589 932 2649; x_wconf 86' lang='lat' dir='ltr'><strong>suum,</strong></span> <span class='ocrx_word' id='word_1_181' title='bbox 957 2569 1211 2654; x_wconf 76' lang='lat' dir='ltr'><strong>quodquidam</strong></span> <span class='ocrx_word' id='word_1_182' title='bbox 1231 2568 1343 2633; x_wconf 78' lang='lat' dir='ltr'><strong>Adam</strong></span> <span class='ocrx_word' id='word_1_183' title='bbox 1367 2566 1408 2632; x_wconf 87' lang='lat' dir='ltr'><strong>ds</strong></span> 
     </span>
     <span class='ocr_line' id='line_1_23' title="bbox 258 2653 1408 2743; baseline -0.003 -24"><span class='ocrx_word' id='word_1_184' title='bbox 258 2654 404 2734; x_wconf 79' lang='lat' dir='ltr'><strong>Tindcl&#39;,</strong></span> <span class='ocrx_word' id='word_1_185' title='bbox 417 2659 611 2720; x_wconf 79' lang='lat' dir='ltr'><strong>sniecessor</strong></span> <span class='ocrx_word' id='word_1_186' title='bbox 625 2653 733 2739; x_wconf 89' lang='lat' dir='ltr'><strong>ipsius</strong></span> <span class='ocrx_word' id='word_1_187' title='bbox 748 2654 917 2736; x_wconf 83' lang='lat' dir='ltr'><strong>Nicholei,</strong></span> <span class='ocrx_word' id='word_1_188' title='bbox 930 2657 1044 2722; x_wconf 74' lang='lat' dir='ltr'><strong>ienuii</strong></span> <span class='ocrx_word' id='word_1_189' title='bbox 1058 2656 1257 2743; x_wconf 77' lang='lat' dir='ltr'><strong>proedicium</strong></span> <span class='ocrx_word' id='word_1_190' title='bbox 1269 2656 1408 2721; x_wconf 80' lang='lat' dir='ltr'><strong>boscum</strong></span> 
     </span>
     <span class='ocr_line' id='line_1_24' title="bbox 258 2740 1407 2829; baseline -0.003 -21"><span class='ocrx_word' id='word_1_191' title='bbox 258 2746 294 2808; x_wconf 76' lang='lat' dir='ltr'><strong>ei</strong></span> <span class='ocrx_word' id='word_1_192' title='bbox 319 2740 515 2829; x_wconf 74' lang='lat' dir='ltr'><strong>predictum</strong></span> <span class='ocrx_word' id='word_1_193' title='bbox 541 2744 668 2806; x_wconf 75' lang='lat' dir='ltr'><strong>terrum</strong></span> <span class='ocrx_word' id='word_1_194' title='bbox 694 2746 734 2806; x_wconf 81' lang='lat' dir='ltr'><strong>ui</strong></span> <span class='ocrx_word' id='word_1_195' title='bbox 761 2763 860 2808; x_wconf 84' lang='lat' dir='ltr'><strong>suum</strong></span> <span class='ocrx_word' id='word_1_196' title='bbox 890 2743 1042 2829; x_wconf 82' lang='lat' dir='ltr'><strong>scpurulc</strong></span> <span class='ocrx_word' id='word_1_197' title='bbox 1071 2745 1198 2828; x_wconf 83' lang='lat' dir='ltr'><strong>ubsque</strong></span> <span class='ocrx_word' id='word_1_198' title='bbox 1225 2743 1289 2808; x_wconf 92' lang='lat' dir='ltr'><strong>hoc</strong></span> <span class='ocrx_word' id='word_1_199' title='bbox 1319 2740 1407 2826; x_wconf 89' lang='lat' dir='ltr'><strong>quod</strong></span> 
     </span>
     <span class='ocr_line' id='line_1_25' title="bbox 258 2827 1407 2916; baseline -0.004 -20"><span class='ocrx_word' id='word_1_200' title='bbox 258 2827 411 2914; x_wconf 75' lang='lat' dir='ltr'><strong>proedicti</strong></span> <span class='ocrx_word' id='word_1_201' title='bbox 447 2828 595 2893; x_wconf 74' lang='lat' dir='ltr'><strong>Thomas</strong></span> <span class='ocrx_word' id='word_1_202' title='bbox 629 2833 664 2893; x_wconf 76' lang='lat' dir='ltr'><strong>ei</strong></span> <span class='ocrx_word' id='word_1_203' title='bbox 700 2827 760 2894; x_wconf 86' lang='lat' dir='ltr'><strong>ulii</strong></span> <span class='ocrx_word' id='word_1_204' title='bbox 796 2829 946 2916; x_wconf 82' lang='lat' dir='ltr'><strong>sliquum</strong></span> <span class='ocrx_word' id='word_1_205' title='bbox 982 2851 1194 2897; x_wconf 87' lang='lat' dir='ltr'><strong>communem</strong></span> <span class='ocrx_word' id='word_1_206' title='bbox 1231 2831 1321 2895; x_wconf 81' lang='lat' dir='ltr'><strong>vium</strong></span> <span class='ocrx_word' id='word_1_207' title='bbox 1357 2827 1407 2892; x_wconf 88' lang='lat' dir='ltr'><strong>ibi</strong></span> 
     </span>
     <span class='ocr_line' id='line_1_26' title="bbox 258 2913 1408 3005; baseline -0.003 -24"><span class='ocrx_word' id='word_1_208' title='bbox 258 2917 463 2997; x_wconf 73' lang='lat' dir='ltr'><strong>habueruut,</strong></span> <span class='ocrx_word' id='word_1_209' title='bbox 479 2915 548 2980; x_wconf 86' lang='lat' dir='ltr'><strong>nisi</strong></span> <span class='ocrx_word' id='word_1_210' title='bbox 570 2917 611 2980; x_wconf 87' lang='lat' dir='ltr'><strong>dc</strong></span> <span class='ocrx_word' id='word_1_211' title='bbox 626 2914 803 2982; x_wconf 77' lang='lat' dir='ltr'><strong>voluntate</strong></span> <span class='ocrx_word' id='word_1_212' title='bbox 818 2921 853 2984; x_wconf 79' lang='lat' dir='ltr'><strong>et</strong></span> <span class='ocrx_word' id='word_1_213' title='bbox 872 2919 1095 3004; x_wconf 80' lang='lat' dir='ltr'><strong>permissione</strong></span> <span class='ocrx_word' id='word_1_214' title='bbox 1117 2918 1226 3005; x_wconf 84' lang='lat' dir='ltr'><strong>ipsius</strong></span> <span class='ocrx_word' id='word_1_215' title='bbox 1248 2913 1408 2983; x_wconf 82' lang='lat' dir='ltr'><strong>Nicholni</strong></span> 
     </span>
     <span class='ocr_line' id='line_1_27' title="bbox 259 3001 1409 3093; baseline 0 -25"><span class='ocrx_word' id='word_1_216' title='bbox 259 3010 294 3068; x_wconf 75' lang='lat' dir='ltr'><strong>ei</strong></span> <span class='ocrx_word' id='word_1_217' title='bbox 310 3003 415 3069; x_wconf 73' lang='lat' dir='ltr'><strong>chium</strong></span> <span class='ocrx_word' id='word_1_218' title='bbox 435 3003 590 3088; x_wconf 77' lang='lat' dir='ltr'><strong>praedicii</strong></span> <span class='ocrx_word' id='word_1_219' title='bbox 604 3001 697 3069; x_wconf 82' lang='lat' dir='ltr'><strong>Adae.</strong></span> <span class='ocrx_word' id='word_1_220' title='bbox 741 3003 873 3070; x_wconf 77' lang='lat' dir='ltr'><strong>Dicunt</strong></span> <span class='ocrx_word' id='word_1_221' title='bbox 893 3005 998 3071; x_wconf 77' lang='lat' dir='ltr'><strong>eiiam</strong></span> <span class='ocrx_word' id='word_1_222' title='bbox 1013 3006 1102 3093; x_wconf 93' lang='lat' dir='ltr'><strong>quod</strong></span> <span class='ocrx_word' id='word_1_223' title='bbox 1117 3005 1208 3071; x_wconf 93' lang='lat' dir='ltr'><strong>idem</strong></span> <span class='ocrx_word' id='word_1_224' title='bbox 1223 3003 1409 3071; x_wconf 82' lang='lat' dir='ltr'><strong>Nicholeus</strong></span> 
     </span>
     <span class='ocr_line' id='line_1_28' title="bbox 259 3089 1412 3178; baseline -0.001 -22"><span class='ocrx_word' id='word_1_225' title='bbox 259 3091 345 3158; x_wconf 79' lang='lat' dir='ltr'><strong>fecii</strong></span> <span class='ocrx_word' id='word_1_226' title='bbox 379 3091 428 3157; x_wconf 86' lang='lat' dir='ltr'><strong>cis</strong></span> <span class='ocrx_word' id='word_1_227' title='bbox 466 3089 558 3156; x_wconf 80' lang='lat' dir='ltr'><strong>uliud</strong></span> <span class='ocrx_word' id='word_1_228' title='bbox 595 3089 783 3157; x_wconf 88' lang='lat' dir='ltr'><strong>chiminum</strong></span> <span class='ocrx_word' id='word_1_229' title='bbox 819 3097 1025 3178; x_wconf 71' lang='lat' dir='ltr'><strong>competens,</strong></span> <span class='ocrx_word' id='word_1_230' title='bbox 1056 3113 1098 3159; x_wconf 87' lang='lat' dir='ltr'><strong>ex</strong></span> <span class='ocrx_word' id='word_1_231' title='bbox 1134 3096 1278 3178; x_wconf 78' lang='lat' dir='ltr'><strong>utreque</strong></span> <span class='ocrx_word' id='word_1_232' title='bbox 1313 3093 1412 3176; x_wconf 70' lang='lat' dir='ltr'><strong>purte</strong></span> 
     </span>
     <span class='ocr_line' id='line_1_29' title="bbox 258 3176 1411 3266; baseline -0.002 -22"><span class='ocrx_word' id='word_1_233' title='bbox 258 3177 413 3265; x_wconf 75' lang='lat' dir='ltr'><strong>praedicii</strong></span> <span class='ocrx_word' id='word_1_234' title='bbox 434 3177 539 3264; x_wconf 81' lang='lat' dir='ltr'><strong>perci,</strong></span> <span class='ocrx_word' id='word_1_235' title='bbox 555 3177 614 3242; x_wconf 93' lang='lat' dir='ltr'><strong>ubi</strong></span> <span class='ocrx_word' id='word_1_236' title='bbox 636 3177 703 3265; x_wconf 90' lang='lat' dir='ltr'><strong>ipsi</strong></span> <span class='ocrx_word' id='word_1_237' title='bbox 725 3178 849 3247; x_wconf 78' lang='lat' dir='ltr'><strong>habers</strong></span> <span class='ocrx_word' id='word_1_238' title='bbox 870 3185 1015 3266; x_wconf 73' lang='lat' dir='ltr'><strong>possunt</strong></span> <span class='ocrx_word' id='word_1_239' title='bbox 1038 3181 1225 3247; x_wconf 89' lang='lat' dir='ltr'><strong>chiminum</strong></span> <span class='ocrx_word' id='word_1_240' title='bbox 1244 3200 1344 3244; x_wconf 93' lang='lat' dir='ltr'><strong>suum</strong></span> <span class='ocrx_word' id='word_1_241' title='bbox 1366 3176 1411 3243; x_wconf 86' lang='lat' dir='ltr'><strong>ud</strong></span> 
     </span>
     <span class='ocr_line' id='line_1_30' title="bbox 258 3265 1411 3350; baseline -0.002 -20"><span class='ocrx_word' id='word_1_242' title='bbox 258 3269 408 3333; x_wconf 67' lang='lat' dir='ltr'><strong>mercede</strong></span> <span class='ocrx_word' id='word_1_243' title='bbox 430 3269 466 3331; x_wconf 82' lang='lat' dir='ltr'><strong>ei</strong></span> <span class='ocrx_word' id='word_1_244' title='bbox 489 3265 666 3331; x_wconf 82' lang='lat' dir='ltr'><strong>ecclesium</strong></span> <span class='ocrx_word' id='word_1_245' title='bbox 681 3268 716 3330; x_wconf 78' lang='lat' dir='ltr'><strong>et</strong></span> <span class='ocrx_word' id='word_1_246' title='bbox 732 3265 812 3332; x_wconf 85' lang='lat' dir='ltr'><strong>ulibi</strong></span> <span class='ocrx_word' id='word_1_247' title='bbox 829 3268 872 3335; x_wconf 83' lang='lat' dir='ltr'><strong>ed</strong></span> <span class='ocrx_word' id='word_1_248' title='bbox 892 3267 1136 3350; x_wconf 73' lang='lat' dir='ltr'><strong>itinerandum,</strong></span> <span class='ocrx_word' id='word_1_249' title='bbox 1152 3266 1352 3336; x_wconf 81' lang='lat' dir='ltr'><strong>ceriundnm</strong></span> <span class='ocrx_word' id='word_1_250' title='bbox 1375 3270 1411 3329; x_wconf 80' lang='lat' dir='ltr'><strong>et</strong></span> 
     </span>
     <span class='ocr_line' id='line_1_31' title="bbox 259 3351 1412 3423; baseline -0.002 -5"><span class='ocrx_word' id='word_1_251' title='bbox 259 3353 484 3420; x_wconf 83' lang='lat' dir='ltr'><strong>chccicndum</strong></span> <span class='ocrx_word' id='word_1_252' title='bbox 509 3353 593 3418; x_wconf 84' lang='lat' dir='ltr'><strong>cdeo</strong></span> <span class='ocrx_word' id='word_1_253' title='bbox 621 3354 794 3419; x_wconf 86' lang='lat' dir='ltr'><strong>commode</strong></span> <span class='ocrx_word' id='word_1_254' title='bbox 824 3355 913 3421; x_wconf 77' lang='lat' dir='ltr'><strong>sicui</strong></span> <span class='ocrx_word' id='word_1_255' title='bbox 944 3358 1203 3423; x_wconf 74' lang='lat' dir='ltr'><strong>consueverunt.</strong></span> <span class='ocrx_word' id='word_1_256' title='bbox 1262 3355 1309 3418; x_wconf 77' lang='lat' dir='ltr'><strong>Et</strong></span> <span class='ocrx_word' id='word_1_257' title='bbox 1335 3351 1412 3418; x_wconf 90' lang='lat' dir='ltr'><strong>ideo</strong></span> 
     </span>
     <span class='ocr_line' id='line_1_32' title="bbox 259 3440 1411 3525; baseline -0.003 -18"><span class='ocrx_word' id='word_1_258' title='bbox 259 3441 511 3507; x_wconf 76' lang='lat' dir='ltr'><strong>consideratum</strong></span> <span class='ocrx_word' id='word_1_259' title='bbox 526 3443 580 3505; x_wconf 80' lang='lat' dir='ltr'><strong>est</strong></span> <span class='ocrx_word' id='word_1_260' title='bbox 595 3440 685 3524; x_wconf 90' lang='lat' dir='ltr'><strong>quod</strong></span> <span class='ocrx_word' id='word_1_261' title='bbox 699 3441 882 3525; x_wconf 77' lang='lat' dir='ltr'><strong>praedicius</strong></span> <span class='ocrx_word' id='word_1_262' title='bbox 904 3441 1091 3509; x_wconf 80' lang='lat' dir='ltr'><strong>Nicholcus</strong></span> <span class='ocrx_word' id='word_1_263' title='bbox 1107 3442 1186 3508; x_wconf 86' lang='lat' dir='ltr'><strong>inde</strong></span> <span class='ocrx_word' id='word_1_264' title='bbox 1202 3442 1276 3507; x_wconf 89' lang='lat' dir='ltr'><strong>sine</strong></span> <span class='ocrx_word' id='word_1_265' title='bbox 1291 3441 1358 3522; x_wconf 88' lang='lat' dir='ltr'><strong>die,</strong></span> <span class='ocrx_word' id='word_1_266' title='bbox 1375 3443 1411 3505; x_wconf 76' lang='lat' dir='ltr'><strong>ei</strong></span> 
     </span>
     <span class='ocr_line' id='line_1_33' title="bbox 258 3527 1203 3616; baseline 0.001 -22"><span class='ocrx_word' id='word_1_267' title='bbox 258 3528 413 3616; x_wconf 73' lang='lat' dir='ltr'><strong>praedicti</strong></span> <span class='ocrx_word' id='word_1_268' title='bbox 428 3527 575 3593; x_wconf 74' lang='lat' dir='ltr'><strong>Thomas</strong></span> <span class='ocrx_word' id='word_1_269' title='bbox 591 3531 627 3592; x_wconf 77' lang='lat' dir='ltr'><strong>ci</strong></span> <span class='ocrx_word' id='word_1_270' title='bbox 642 3527 701 3592; x_wconf 82' lang='lat' dir='ltr'><strong>elii</strong></span> <span class='ocrx_word' id='word_1_271' title='bbox 716 3527 754 3592; x_wconf 92' lang='lat' dir='ltr'><strong>in</strong></span> <span class='ocrx_word' id='word_1_272' title='bbox 769 3529 846 3595; x_wconf 89' lang='lat' dir='ltr'><strong>mis&#39;</strong></span> <span class='ocrx_word' id='word_1_273' title='bbox 862 3551 924 3616; x_wconf 91' lang='lat' dir='ltr'><strong>pro</strong></span> <span class='ocrx_word' id='word_1_274' title='bbox 938 3529 1028 3597; x_wconf 85' lang='lat' dir='ltr'><strong>falso</strong></span> <span class='ocrx_word' id='word_1_275' title='bbox 1044 3530 1203 3596; x_wconf 78' lang='lat' dir='ltr'><strong>clamore.</strong></span> 
     </span>
    </p>
   </div>
   <div class='ocr_carea' id='block_1_4' title="bbox 259 3657 1415 4184">
    <p class='ocr_par' dir='ltr' id='par_1_5' title="bbox 259 3657 1415 4184">
     <span class='ocr_line' id='line_1_34' title="bbox 324 3657 1403 3743; baseline -0.001 -19"><span class='ocrx_word' id='word_1_276' title='bbox 324 3657 491 3724; x_wconf 82' lang='lat' dir='ltr'><strong>Ricerdus</strong></span> <span class='ocrx_word' id='word_1_277' title='bbox 530 3657 687 3723; x_wconf 85' lang='lat' dir='ltr'><strong>Bochsrd</strong></span> <span class='ocrx_word' id='word_1_278' title='bbox 717 3657 758 3726; x_wconf 86' lang='lat' dir='ltr'><strong>de</strong></span> <span class='ocrx_word' id='word_1_279' title='bbox 788 3659 935 3726; x_wconf 75' lang='lat' dir='ltr'><strong>Fekefle&#39;</strong></span> <span class='ocrx_word' id='word_1_280' title='bbox 966 3664 1002 3726; x_wconf 77' lang='lat' dir='ltr'><strong>ei</strong></span> <span class='ocrx_word' id='word_1_281' title='bbox 1033 3659 1163 3742; x_wconf 75' lang='lat' dir='ltr'><strong>sibilla,</strong></span> <span class='ocrx_word' id='word_1_282' title='bbox 1195 3679 1280 3724; x_wconf 86' lang='lat' dir='ltr'><strong>uxor</strong></span> <span class='ocrx_word' id='word_1_283' title='bbox 1317 3657 1403 3743; x_wconf 85' lang='lat' dir='ltr'><strong>ejus,</strong></span> 
     </span>
     <span class='ocr_line' id='line_1_35' title="bbox 259 3743 1411 3835; baseline -0.001 -23"><span class='ocrx_word' id='word_1_284' title='bbox 259 3750 384 3835; x_wconf 75' lang='lat' dir='ltr'><strong>petunt</strong></span> <span class='ocrx_word' id='word_1_285' title='bbox 398 3765 514 3811; x_wconf 83' lang='lat' dir='ltr'><strong>versus</strong></span> <span class='ocrx_word' id='word_1_286' title='bbox 530 3743 641 3810; x_wconf 79' lang='lat' dir='ltr'><strong>Elium</strong></span> <span class='ocrx_word' id='word_1_287' title='bbox 657 3746 698 3812; x_wconf 90' lang='lat' dir='ltr'><strong>de</strong></span> <span class='ocrx_word' id='word_1_288' title='bbox 715 3746 917 3814; x_wconf 79' lang='lat' dir='ltr'><strong>Stokesfcld&#39;</strong></span> <span class='ocrx_word' id='word_1_289' title='bbox 934 3753 969 3815; x_wconf 79' lang='lat' dir='ltr'><strong>et</strong></span> <span class='ocrx_word' id='word_1_290' title='bbox 988 3748 1154 3828; x_wconf 75' lang='lat' dir='ltr'><strong>Emmam,</strong></span> <span class='ocrx_word' id='word_1_291' title='bbox 1171 3765 1311 3812; x_wconf 85' lang='lat' dir='ltr'><strong>uxorem</strong></span> <span class='ocrx_word' id='word_1_292' title='bbox 1327 3747 1411 3831; x_wconf 87' lang='lat' dir='ltr'><strong>ejus,</strong></span> 
     </span>
     <span class='ocr_line' id='line_1_36' title="bbox 261 3834 1415 3919; baseline -0.002 -19"><span class='ocrx_word' id='word_1_293' title='bbox 261 3836 377 3900; x_wconf 85' lang='lat' dir='ltr'><strong>decem</strong></span> <span class='ocrx_word' id='word_1_294' title='bbox 400 3853 495 3898; x_wconf 79' lang='lat' dir='ltr'><strong>ccrus</strong></span> <span class='ocrx_word' id='word_1_295' title='bbox 517 3835 616 3898; x_wconf 76' lang='lat' dir='ltr'><strong>icrrae</strong></span> <span class='ocrx_word' id='word_1_296' title='bbox 632 3853 708 3898; x_wconf 91' lang='lat' dir='ltr'><strong>cum</strong></span> <span class='ocrx_word' id='word_1_297' title='bbox 724 3835 944 3918; x_wconf 69' lang='lat' dir='ltr'><strong>pertinentiis</strong></span> <span class='ocrx_word' id='word_1_298' title='bbox 966 3835 1004 3899; x_wconf 91' lang='lat' dir='ltr'><strong>in</strong></span> <span class='ocrx_word' id='word_1_299' title='bbox 1019 3834 1233 3919; x_wconf 78' lang='lat' dir='ltr'><strong>Fclderleg’‚⁵</strong></span> <span class='ocrx_word' id='word_1_300' title='bbox 1249 3837 1285 3899; x_wconf 81' lang='lat' dir='ltr'><strong>ei</strong></span> <span class='ocrx_word' id='word_1_301' title='bbox 1300 3852 1415 3900; x_wconf 85' lang='lat' dir='ltr'><strong>versus</strong></span> 
     </span>
     <span class='ocr_line' id='line_1_37' title="bbox 261 3918 1413 4008; baseline -0.003 -21"><span class='ocrx_word' id='word_1_302' title='bbox 261 3921 410 3988; x_wconf 83' lang='lat' dir='ltr'><strong>Alunum</strong></span> <span class='ocrx_word' id='word_1_303' title='bbox 426 3920 467 3987; x_wconf 90' lang='lat' dir='ltr'><strong>de</strong></span> <span class='ocrx_word' id='word_1_304' title='bbox 482 3918 601 3984; x_wconf 87' lang='lat' dir='ltr'><strong>Menil&#39;</strong></span> <span class='ocrx_word' id='word_1_305' title='bbox 616 3923 652 3984; x_wconf 75' lang='lat' dir='ltr'><strong>et</strong></span> <span class='ocrx_word' id='word_1_306' title='bbox 667 3920 784 4002; x_wconf 81' lang='lat' dir='ltr'><strong>Evam,</strong></span> <span class='ocrx_word' id='word_1_307' title='bbox 801 3943 940 3988; x_wconf 82' lang='lat' dir='ltr'><strong>uxorem</strong></span> <span class='ocrx_word' id='word_1_308' title='bbox 956 3925 1040 4008; x_wconf 87' lang='lat' dir='ltr'><strong>ejus,</strong></span> <span class='ocrx_word' id='word_1_309' title='bbox 1056 3944 1163 3988; x_wconf 90' lang='lat' dir='ltr'><strong>unum</strong></span> <span class='ocrx_word' id='word_1_310' title='bbox 1182 3919 1413 4007; x_wconf 79' lang='lat' dir='ltr'><strong>messuagium</strong></span> 
     </span>
     <span class='ocr_line' id='line_1_38' title="bbox 262 4007 1411 4094; baseline -0.003 -19"><span class='ocrx_word' id='word_1_311' title='bbox 262 4014 297 4075; x_wconf 74' lang='lat' dir='ltr'><strong>et</strong></span> <span class='ocrx_word' id='word_1_312' title='bbox 311 4009 427 4074; x_wconf 89' lang='lat' dir='ltr'><strong>decem</strong></span> <span class='ocrx_word' id='word_1_313' title='bbox 441 4028 538 4073; x_wconf 83' lang='lat' dir='ltr'><strong>uerus</strong></span> <span class='ocrx_word' id='word_1_314' title='bbox 553 4009 652 4074; x_wconf 76' lang='lat' dir='ltr'><strong>terrm</strong></span> <span class='ocrx_word' id='word_1_315' title='bbox 674 4029 751 4074; x_wconf 88' lang='lat' dir='ltr'><strong>cum</strong></span> <span class='ocrx_word' id='word_1_316' title='bbox 773 4010 992 4094; x_wconf 72' lang='lat' dir='ltr'><strong>pertinentiis</strong></span> <span class='ocrx_word' id='word_1_317' title='bbox 1007 4011 1045 4075; x_wconf 92' lang='lat' dir='ltr'><strong>in</strong></span> <span class='ocrx_word' id='word_1_318' title='bbox 1061 4010 1180 4076; x_wconf 86' lang='lat' dir='ltr'><strong>cedem</strong></span> <span class='ocrx_word' id='word_1_319' title='bbox 1194 4007 1286 4091; x_wconf 80' lang='lat' dir='ltr'><strong>villu,</strong></span> <span class='ocrx_word' id='word_1_320' title='bbox 1302 4012 1343 4073; x_wconf 78' lang='lat' dir='ltr'><strong>ui</strong></span> <span class='ocrx_word' id='word_1_321' title='bbox 1354 4009 1411 4094; x_wconf 86' lang='lat' dir='ltr'><strong>jus</strong></span> 
     </span>
     <span class='ocr_line' id='line_1_39' title="bbox 261 4094 1415 4184; baseline 0.003 -24"><span class='ocrx_word' id='word_1_322' title='bbox 261 4097 368 4184; x_wconf 89' lang='lat' dir='ltr'><strong>ipsius</strong></span> <span class='ocrx_word' id='word_1_323' title='bbox 382 4095 509 4161; x_wconf 80' lang='lat' dir='ltr'><strong>Sibillse</strong></span> <span class='ocrx_word' id='word_1_324' title='bbox 524 4099 559 4160; x_wconf 78' lang='lat' dir='ltr'><strong>ei</strong></span> <span class='ocrx_word' id='word_1_325' title='bbox 574 4094 611 4158; x_wconf 91' lang='lat' dir='ltr'><strong>in</strong></span> <span class='ocrx_word' id='word_1_326' title='bbox 627 4117 700 4181; x_wconf 75' lang='lat' dir='ltr'><strong>quse</strong></span> <span class='ocrx_word' id='word_1_327' title='bbox 714 4095 815 4162; x_wconf 87' lang='lat' dir='ltr'><strong>iidem</strong></span> <span class='ocrx_word' id='word_1_328' title='bbox 836 4097 930 4164; x_wconf 74' lang='lat' dir='ltr'><strong>Elius</strong></span> <span class='ocrx_word' id='word_1_329' title='bbox 946 4101 982 4164; x_wconf 79' lang='lat' dir='ltr'><strong>ei</strong></span> <span class='ocrx_word' id='word_1_330' title='bbox 997 4099 1128 4181; x_wconf 73' lang='lat' dir='ltr'><strong>himma,</strong></span> <span class='ocrx_word' id='word_1_331' title='bbox 1144 4097 1276 4163; x_wconf 80' lang='lat' dir='ltr'><strong>Alenus</strong></span> <span class='ocrx_word' id='word_1_332' title='bbox 1292 4101 1327 4162; x_wconf 79' lang='lat' dir='ltr'><strong>et</strong></span> <span class='ocrx_word' id='word_1_333' title='bbox 1342 4097 1415 4163; x_wconf 76' lang='lat' dir='ltr'><strong>Ere</strong></span> 
     </span>
    </p>
   </div>
   <div class='ocr_carea' id='block_1_5' title="bbox 267 4261 1474 4598">
    <p class='ocr_par' dir='ltr' id='par_1_6' title="bbox 267 4261 1474 4598">
     <span class='ocr_line' id='line_1_40' title="bbox 300 4261 1418 4331; baseline -0.004 -13"><span class='ocrx_word' id='word_1_334' title='bbox 300 4263 450 4318; x_wconf 84' lang='lat' dir='ltr'><strong>¹Nicholes</strong></span> <span class='ocrx_word' id='word_1_335' title='bbox 490 4264 522 4316; x_wconf 87' lang='lat' dir='ltr'><strong>de</strong></span> <span class='ocrx_word' id='word_1_336' title='bbox 562 4263 673 4331; x_wconf 75' lang='lat' dir='ltr'><strong>Bolieby</strong></span> <span class='ocrx_word' id='word_1_337' title='bbox 706 4264 817 4316; x_wconf 82' lang='lat' dir='ltr'><strong>married</strong></span> <span class='ocrx_word' id='word_1_338' title='bbox 900 4261 1286 4331; x_wconf 74' lang='lat' dir='ltr'><strong>²NicholurdeBolicbyhcld</strong></span> <span class='ocrx_word' id='word_1_339' title='bbox 1301 4261 1418 4328; x_wconf 71' lang='lat' dir='ltr'><strong>langley</strong></span> 
     </span>
     <span class='ocr_line' id='line_1_41' title="bbox 267 4329 1225 4398; baseline -0.002 -14"><span class='ocrx_word' id='word_1_340' title='bbox 267 4329 398 4398; x_wconf 77' lang='lat' dir='ltr'><strong>Phillippu</strong></span> <span class='ocrx_word' id='word_1_341' title='bbox 416 4330 544 4397; x_wconf 75' lang='lat' dir='ltr'><strong>daughter</strong></span> <span class='ocrx_word' id='word_1_342' title='bbox 560 4332 611 4382; x_wconf 78' lang='lat' dir='ltr'><strong>und</strong></span> <span class='ocrx_word' id='word_1_343' title='bbox 628 4332 685 4384; x_wconf 85' lang='lat' dir='ltr'><strong>heir</strong></span> <span class='ocrx_word' id='word_1_344' title='bbox 696 4332 723 4382; x_wconf 80' lang='lat' dir='ltr'><strong>oi</strong></span> <span class='ocrx_word' id='word_1_345' title='bbox 733 4332 817 4384; x_wconf 79' lang='lat' dir='ltr'><strong>Adam</strong></span> <span class='ocrx_word' id='word_1_346' title='bbox 868 4331 958 4398; x_wconf 67' lang='lat' dir='ltr'><strong>(raca</strong></span> <span class='ocrx_word' id='word_1_347' title='bbox 969 4333 1000 4381; x_wconf 81' lang='lat' dir='ltr'><strong>ds</strong></span> <span class='ocrx_word' id='word_1_348' title='bbox 1011 4331 1106 4392; x_wconf 79' lang='lat' dir='ltr'><strong>Necill,</strong></span> <span class='ocrx_word' id='word_1_349' title='bbox 1119 4345 1145 4396; x_wconf 88' lang='lat' dir='ltr'><strong>p.</strong></span> <span class='ocrx_word' id='word_1_350' title='bbox 1154 4333 1225 4393; x_wconf 77' lang='lat' dir='ltr'><strong>sel).</strong></span> 
     </span>
     <span class='ocr_line' id='line_1_42' title="bbox 267 4396 1050 4464; baseline -0.005 -12"><span class='ocrx_word' id='word_1_351' title='bbox 267 4401 298 4452; x_wconf 86' lang='lat' dir='ltr'><strong>de</strong></span> <span class='ocrx_word' id='word_1_352' title='bbox 362 4398 443 4460; x_wconf 83' lang='lat' dir='ltr'><strong>ndeis,</strong></span> <span class='ocrx_word' id='word_1_353' title='bbox 471 4399 556 4450; x_wconf 78' lang='lat' dir='ltr'><strong>Adam</strong></span> <span class='ocrx_word' id='word_1_354' title='bbox 578 4397 674 4464; x_wconf 79' lang='lat' dir='ltr'><strong>Boliby</strong></span> <span class='ocrx_word' id='word_1_355' title='bbox 702 4397 743 4450; x_wconf 85' lang='lat' dir='ltr'><strong>his</strong></span> <span class='ocrx_word' id='word_1_356' title='bbox 771 4413 817 4450; x_wconf 85' lang='lat' dir='ltr'><strong>scu</strong></span> <span class='ocrx_word' id='word_1_357' title='bbox 901 4396 1050 4462; x_wconf 72' lang='lat' dir='ltr'><strong>³Hsyc0n.</strong></span> 
     </span>
     <span class='ocr_line' id='line_1_43' title="bbox 268 4462 1474 4532; baseline -0.004 -14"><span class='ocrx_word' id='word_1_358' title='bbox 268 4466 319 4519; x_wconf 81' lang='lat' dir='ltr'><strong>end</strong></span> <span class='ocrx_word' id='word_1_359' title='bbox 360 4465 398 4519; x_wconf 87' lang='lat' dir='ltr'><strong>eir</strong></span> <span class='ocrx_word' id='word_1_360' title='bbox 424 4467 492 4532; x_wconf 77' lang='lat' dir='ltr'><strong>(Inq.</strong></span> <span class='ocrx_word' id='word_1_361' title='bbox 516 4465 588 4518; x_wconf 68' lang='lat' dir='ltr'><strong>RH.</strong></span> <span class='ocrx_word' id='word_1_362' title='bbox 610 4465 644 4520; x_wconf 79' lang='grc'><strong>87</strong></span> <span class='ocrx_word' id='word_1_363' title='bbox 667 4465 733 4517; x_wconf 71' lang='lat' dir='ltr'><strong>Hcs.</strong></span> <span class='ocrx_word' id='word_1_364' title='bbox 752 4465 817 4529; x_wconf 86' lang='lat' dir='ltr'><strong>HL,</strong></span> <span class='ocrx_word' id='word_1_365' title='bbox 902 4463 1109 4526; x_wconf 76' lang='lat' dir='ltr'><strong>⁴SscBrscion,</strong></span> <span class='ocrx_word' id='word_1_366' title='bbox 1120 4462 1170 4515; x_wconf 80' lang='lat' dir='ltr'><strong>vol.</strong></span> <span class='ocrx_word' id='word_1_367' title='bbox 1182 4462 1228 4526; x_wconf 82' lang='lat' dir='ltr'><strong>iii,</strong></span> <span class='ocrx_word' id='word_1_368' title='bbox 1260 4463 1336 4519; x_wconf 79' lang='lat'><em>.22&#39;7.</em></span> <span class='ocrx_word' id='word_1_369' title='bbox 1472 4513 1474 4516; x_wconf 84' lang='grc'><strong>,</strong></span> 
     </span>
     <span class='ocr_line' id='line_1_44' title="bbox 270 4527 1334 4598; baseline -0.002 -13"><span class='ocrx_word' id='word_1_370' title='bbox 270 4531 322 4585; x_wconf 85' lang='grc' dir='ltr'><strong>Νο.</strong></span> <span class='ocrx_word' id='word_1_371' title='bbox 335 4535 373 4597; x_wconf 81' lang='lat'><strong>8).</strong></span> <span class='ocrx_word' id='word_1_372' title='bbox 464 4589 469 4598; x_wconf 63' lang='grc'>,</span> <span class='ocrx_word' id='word_1_373' title='bbox 902 4527 1108 4596; x_wconf 74' lang='lat' dir='ltr'><strong>‘Fotherlsyin</strong></span> <span class='ocrx_word' id='word_1_374' title='bbox 1121 4529 1218 4596; x_wconf 82' lang='lat' dir='ltr'><strong>Bywoll</strong></span> <span class='ocrx_word' id='word_1_375' title='bbox 1282 4529 1334 4583; x_wconf 83' lang='lat' dir='ltr'><strong>ish.</strong></span> 
     </span>
    </p>
   </div>
   <div class='ocr_carea' id='block_1_6' title="bbox 0 0 1647 5112">
    <p class='ocr_par' dir='ltr' id='par_1_7' title="bbox 0 0 1647 5112">
     <span class='ocr_line' id='line_1_45' title="bbox 0 0 1647 5112; baseline 0 0"><span class='ocrx_word' id='word_1_376' title='bbox 0 0 1647 5112; x_wconf 95' lang='lat' dir='ltr'><strong> </strong></span> 
     </span>
    </p>
   </div>
  </div>
 </body>
</html>
