3272 5092
375 552 490 598 asama
512 553 611 614 nonu,
635 535 1012 616 munumentum?
1037 555 1123 602 nnw.
1147 556 1171 601 1.
1298 534 1361 600 255

205 709 373 793 patentes,
405 707 448 772 ad
477 708 671 794 ponendum
702 709 813 793 ipsum
843 707 1055 774 Willelmum
1084 710 1121 773 in
1152 708 1286 795 seysina
1316 710 1357 776 de

206 794 332 896 eisdem
347 795 565 896 tenementis,
582 795 722 896 scilicet,
739 796 775 859 in
791 795 994 898 lllakedene,
1010 796 1068 880 qui
1084 795 1196 881 ipsum
1219 795 1298 861 inde
1318 795 1357 898 in

205 882 1358 1054 *unconsulttttstttoztlhttntnt

204 990 397 1122 doliannem
413 1057 462 1122 sic
476 1056 633 1136 feofcvic,
648 1057 720 1121 init
736 1057 830 1122 bonae
845 993 1025 1135 meminive,
1041 1020 1160 1122 dicunt
1175 1058 1265 1142 quod
1284 1021 1341 1122 s'io.

269 1143 394 1209 Postea
410 1143 606 1209 concordati
629 1146 711 1208 sunt
726 1166 785 1228 per
799 1143 984 1209 licentiam.
1027 1145 1073 1210 Et
1088 1145 1238 1210 habeant
1261 1166 1356 1229 cyro·

207 1232 389 1316 graphum,
406 1235 470 1296 etc.
515 1231 609 1296 Alibi
623 1231 701 1295 finis
716 1252 778 1316 pro
793 1231 933 1297 licentia
948 1231 1185 1313 concordandi,
1205 1231 1284 1297 etc.l

269 1377 445 1445 Johannes
470 1378 560 1444 fflius
589 1379 758 1444 Johannie
783 1379 824 1444 de
849 1377 1105 1445 Oaldestrother
1129 1379 1356 1446 summonitus

205 1463 277 1529 fuit
302 1464 347 1530 ad
370 1465 660 1551 resspondendum
690 1465 845 1531 Waltero
872 1467 913 1531 de
942 1466 1132 1552 Swethorp'
1159 1467 1201 1532 de
1230 1467 1357 1551 placito

205 1551 296 1635 quod
312 1551 432 1617 reddat
448 1553 479 1617 ei
495 1557 571 1618 octo
585 1553 640 1632 (η’,
658 1574 740 1637 quas
764 1554 796 1618 ei
818 1552 920 1620 debet
934 1557 970 1618 et
985 1553 1114 1639 injuste
1129 1553 1272 1633 detinet,
1289 1557 1354 1619 eto.

204 1638 250 1703 Et
275 1639 450 1704 Johannes
480 1639 574 1705 venit
604 1645 639 1705 et
669 1640 866 1707 concordati
898 1645 980 1705 sunt
1006 1662 1067 1726 per
1102 1640 1288 1720 licentiam,
1319 1645 1355 1705 et

203 1725 378 1792 Johannes
409 1727 469 1791 dat
498 1727 674 1791 dimidiam
703 1728 746 1790 m'
776 1748 837 1812 pro
866 1726 1007 1792 licentia
1037 1728 1264 1793 concordandi
1295 1749 1356 1812 per

203 1812 355 1897 plegium
369 1814 521 1897 praedicti
536 1813 691 1879 Walteri.
737 1814 783 1878 Et
799 1819 852 1878 est
872 1814 1051 1880 concordia
1066 1814 1145 1879 talis
1162 1815 1252 1899 quod
1273 1836 1356 1899 prae-

203 1899 314 1964 dictus
329 1900 352 1964 J
354 1901 504 1966 ohannes
519 1901 695 1986 cognoscit
722 1901 809 1986 quod
833 1902 933 1968 debet
956 1902 1065 1968 eidem
1081 1901 1235 1967 Waltero
1257 1902 1355 1987 quin-

204 2006 269 2071 que
283 1987 326 2050 m'
343 1987 384 2054 de
399 1988 561 2072 praedicto
582 1987 706 2067 debito,
724 1988 812 2054 unde
835 1988 953 2056 reddet
976 1988 1008 2053 ei
1032 1990 1077 2054 ad
1102 1988 1271 2054 Pascham
1292 1989 1357 2054 hoo

203 2095 294 2139 anno
310 2074 395 2139 duas
417 2077 460 2138 (η’
484 2080 519 2142 et
542 2075 730 2156 dimidiam,
747 2079 783 2140 et
805 2076 851 2140 ad
874 2077 1100 2142 Pentecosten
1124 2075 1278 2161 proximo
1304 2096 1355 2140 se-

203 2165 365 2245 quentem
380 2162 464 2228 duas
478 2163 522 2225 m'
538 2165 573 2226 et
589 2163 775 2228 dimidiam.
809 2162 856 2227 Et
870 2163 937 2228 nisi
953 2163 1083 2241 fecerit,
1100 2163 1257 2228 concedit
1267 2162 1357 2248 quod

205 2248 390 2314 vicecomes
405 2249 513 2314 faciat
528 2250 570 2314 de
585 2249 685 2314 terris
709 2253 744 2315 et
767 2249 898 2314 catallis
922 2249 1002 2329 suis,
1020 2254 1084 2316 eto.
1129 2251 1175 2314 Et
1201 2271 1262 2335 pro
1278 2251 1353 2330 hac,

204 2337 282 2416 etc,
313 2335 493 2420 praedictus
518 2335 689 2402 Walterus
716 2336 848 2401 remisit
871 2337 980 2401 eidem
1003 2337 1025 2402 J
1028 2337 1157 2402 ohanni
1183 2337 1357 2402 residuum

202 2422 357 2506 praedicti
372 2423 480 2488 debiti
503 2428 538 2488 et
563 2423 721 2488 similiter
750 2423 907 2508 dampna,
932 2445 1006 2508 quae
1031 2424 1153 2489 habuit
1178 2425 1354 2490 occasione

203 2509 410 2574 detentionis
426 2511 579 2595 praedicti
594 2510 712 2588 debiti,
728 2513 792 2576 eto.
915 2589 917 2592 ¹

267 2671 449 2749 (tristiam,
476 2693 550 2756 qua
580 2671 650 2736 fuit
672 2692 757 2736 uxor
784 2671 924 2736 Walteri
948 2671 989 2736 de
1012 2671 1246 2756 Tritlington’,
1278 2692 1352 2756 qnae

201 2758 282 2824 tulit
305 2758 404 2825 breve
420 2759 461 2825 de
484 2761 639 2843 ingressu
660 2780 775 2824 versus
790 2759 938 2823 Alanum
962 2759 1003 2825 de
1026 2757 1180 2824 Lasoeles
1197 2757 1238 2824 de
1254 2758 1351 2843 qnin-

203 2867 268 2931 que
284 2846 468 2931 mesuagiis
483 2850 519 2911 et
535 2847 714 2932 sexaginta
737 2850 772 2910 et
795 2847 943 2930 quinque
963 2845 1051 2910 acris
1074 2849 1173 2910 terrae
1188 2866 1263 2910 oum
1279 2867 1354 2929 per-

203 2933 360 2998 tinentiis
384 2934 421 2996 in
444 2933 599 3012 Fenton'‚
615 2953 684 2997 non
707 2936 760 2998 est
775 2935 962 3018 prosecuta.
1009 2933 1091 2998 Ideo
1106 2933 1181 3016 ipsa
1196 2942 1231 2997 et
1246 2931 1351 3017 plegii

202 3020 255 3084 sui
278 3021 320 3085 de
342 3021 573 3106 prosequendo
596 3021 632 3083 in
655 3020 744 3099 mis',
768 3019 908 3099 scilicet,
936 3018 1127 3084 Willelmus
1155 3019 1195 3086 de
1216 3019 1351 3083 Rodum

202 3110 237 3172 et
260 3107 429 3172 Robertus
455 3111 560 3186 Stert,
585 3112 650 3172 etc.
706 3106 831 3171 Postea
864 3107 957 3172 venit
993 3107 1155 3190 praedicta
1182 3106 1354 3171 Cn'stiana

203 3195 321 3258 statim
340 3196 421 3278 (sic).
468 3194 514 3258 Et
528 3194 659 3258 Alanus
675 3194 783 3279 gratis
805 3194 888 3258 wult
914 3195 1124 3278 respondere,
1148 3193 1224 3258 ideo
1247 3193 1354 3257 nichil

204 3282 246 3346 de
262 3281 348 3346 mis',

267 3419 414 3484 Thomas
444 3419 486 3484 de
516 3417 689 3483 Olivedon'
719 3418 780 3482 dat
808 3439 911 3485 unam
941 3418 984 3481 m'
1014 3438 1076 3502 pro
1105 3417 1246 3482 lieentia
1275 3439 1355 3482 eon-

203 3507 366 3572 cordandi
396 3527 472 3571 cum
496 3506 642 3571 Ricardo
669 3505 840 3570 Bernham
867 3510 901 3570 et
924 3504 1046 3584 Alicia,
1072 3525 1176 3569 uxore
1201 3505 1288 3589 ejus,
1313 3506 1354 3571 de

200 3593 325 3680 placito
342 3593 539 3673 narrantia,
555 3614 616 3677 per
629 3592 777 3678 plegium
794 3591 948 3676 praedicti
964 3592 1111 3656 Ricardi.
1150 3592 1196 3655 Et
1204 3592 1355 3658 habeant

200 3681 473 3766 cyrographum?
489 3684 553 3746 eto.
644 3713 649 3724 ·

263 3826 429 3892 Ricardus
453 3827 493 3892 de
519 3825 815 3910 Thornegraitone
841 3825 930 3909 petit
956 3845 1069 3889 versus
1094 3824 1287 3890 Johannem
1310 3825 1352 3890 de

201 3913 426 4000 Quinyteleye
441 3917 563 3998 quater
582 3912 707 3998 viginti
733 3933 827 3977 acras
851 3916 950 3976 terrae
977 3932 1053 3976 cum
1076 3911 1294 3996 pertinentiis
1317 3913 1353 3976 in

203 4001 372 4086 Heydon',
383 4005 418 4065 et
433 4021 549 4066 versus
565 3999 712 4063 Alioiam
724 3999 765 4066 de
775 3997 980 4083 Rokesberg'
993 3997 1118 4083 viginti
1133 4001 1168 4062 et
1184 4020 1242 4064 sex
1257 4020 1353 4063 acras

199 4094 298 4155 terrae
323 4110 397 4153 oum
419 4086 637 4172 pertinentiis
661 4088 697 4149 in
713 4087 830 4151 eadem
857 4086 947 4165 villa,
964 4089 999 4150 et
1024 4107 1140 4150 versus
1169 4085 1351 4170 Hugonem
1482 4097 1484 4102 '

200 4175 365 4242 Grendun
380 4197 487 4239 unum
501 4174 713 4259 mesuagium
728 4176 764 4239 et
785 4173 933 4258 quinque
955 4192 1048 4236 acras
1070 4177 1168 4238 terrae
1184 4193 1260 4236 oum
1275 4194 1350 4257 per-

199 4263 357 4328 tinentiis
383 4262 420 4325 in
440 4262 557 4326 eadem
579 4261 670 4341 villa,
687 4260 728 4326 de
753 4259 875 4344 quibus
899 4259 1101 4344 Radulphus
1132 4259 1173 4322 de
1202 4259 1351 4324 Thorna-

235 4423 295 4476 ιΙ11
317 4423 431 4476 Saham's
448 4423 507 4475 Roll
530 4421 649 4475 isaddcd
666 4422 756 4473 thuta
838 4419 911 4473 ’See
939 4420 1087 4485 Appendix,
1121 4421 1183 4472 Feet
1205 4423 1236 4486 φ’
1268 4423 1352 4484 dines,

200 4491 250 4558 day
261 4491 284 4542 is
296 4489 372 4556 given
384 4491 456 4542 them
468 4491 509 4541 for
525 4489 618 4552 taking
635 4489 687 4540 this
705 4489 755 4539 line
806 4489 964 4552 Noc-ttoni„
975 4489 1047 4540 Edu.
1060 4489 1092 4549 Ι.,
1106 4486 1128 4538 N
1133 4503 1155 4537 o.
1168 4491 1209 4538 21.

199 4555 753 4622 atYork‚intheOctavssofHolyTrlnity.
