3278 5104
360 567 473 611 lssrau
496 567 595 628 nonu,
619 567 956 630 rorruumenausru,
980 551 1023 614 40
1046 571 1128 616 nur.
1152 573 1206 615 111.
1307 551 1368 615 121

220 723 336 785 mento
349 720 533 803 latrocinii,
543 721 685 787 veniunt
696 724 732 787 61
742 722 931 788 defendunt
945 723 1183 807 latroccnium,
1196 728 1232 791 et
1244 727 1369 807 totum,

221 809 256 870 et
268 812 403 892 'ponunt
418 830 454 875 se
464 831 564 896 super
571 810 720 895 patriam
735 810 777 874 de
792 811 880 876 bono
896 814 932 876 et
946 811 1046 877 malo.
1091 813 1139 877 111
1149 814 1319 898 juratores
1336 816 1371 878 et

221 915 336 961 omnes
352 897 477 962 villatae
491 896 748 984 propinquiores
764 897 883 963 dicunt
896 920 998 984 super
1012 905 1260 967 sacramentum
1271 923 1371 966 suum

220 983 310 1066 quod
324 984 478 1068 praedicti
492 984 604 1050 Adam
619 1006 696 1050 cum
711 984 825 1069 pallio,
838 990 874 1050 et
889 985 1042 1052 Andreas
1059 986 1162 1072 Swyt,
1179 986 1371 1052 Willelmus

220 1069 252 1134 le
267 1070 401 1152 Pinder,
418 1072 565 1137 Thomas
589 1072 630 1137 (16
652 1072 852 1149 Lomesdal’‚
867 1073 978 1137 Adam
1002 1073 1145 1139 Lambin
1161 1075 1275 1140 fideles
1291 1077 1372 1140 sunt

221 1161 257 1221 61
281 1158 319 1222 in
343 1159 437 1224 nullo
461 1159 645 1244 culpabiles
669 1159 711 1224 de
735 1159 848 1244 aliquo
873 1160 1067 1240 malefacto,
1082 1161 1159 1228 ideo
1184 1162 1303 1247 quieti,
1320 1167 1372 1227 set

221 1245 339 1311 dicunt
366 1269 466 1332 super
489 1249 741 1314 sacramentum
770 1268 868 1312 suum
901 1249 990 1332 quod
1018 1248 1171 1332 praedicti
1200 1248 1371 1316 Robertus

220 1332 342 1415 Bodiu‚
379 1334 490 1399 Adam
525 1334 614 1400 filius
652 1334 745 1414 Adae,
788 1334 960 1400 (tilbertus
1000 1336 1110 1401 frater
1144 1336 1231 1421 ejus,
1267 1336 1370 1422 Hugo

220 1419 325 1503 Bollc,
340 1421 510 1487 Henricus
526 1421 642 1487 Dandi
657 1427 692 1487 ct
708 1421 892 1488 Nicholaus
913 1423 955 1487 de
971 1422 1169 1504 Lilleburn,¹
1186 1423 1371 1508 culpabiles

220 1511 303 1572 sunt
336 1508 377 1574 de
399 1509 553 1593 pluribus
585 1509 784 1575 latrociniis.
837 1510 929 1590 Ideo,
954 1513 1019 1576 etc.
1065 1509 1197 1577 Catella
1212 1509 1372 1576 Nicholai

220 1595 261 1662 de
284 1594 470 1660 Lilleburn'
494 1596 588 1662 lxxix
602 1597 639 1679 ε’,
666 1598 756 1662 unde
778 1595 961 1664 vicecomes
981 1599 1193 1684 respondeat.
1239 1597 1372 1664 Catella

218 1681 302 1748 Adae
343 1683 406 1748 filii
444 1684 529 1749 Adae
562 1684 656 1749 xixs'
686 1684 722 1770 iij
736 1685 781 1765 d',
818 1684 909 1749 unde
945 1685 1127 1751 vicecomes
1158 1687 1370 1770 respondeat.

219 1770 266 1835 Et
282 1769 341 1835 alii
355 1770 450 1836 nulla
465 1772 658 1838 habuerunt
673 1771 807 1836 catalla.
852 1773 899 1836 111
911 1771 1030 1836 villata
1046 1774 1086 1838 de
1101 1773 1371 1858 Frameliugton'

220 1857 257 1921 in
272 1859 347 1923 mis'
363 1858 442 1943 qnia
457 1880 525 1923 non
540 1859 625 1924 fecit
641 1863 768 1926 sectam
790 1862 868 1944 post
883 1860 1045 1944 quosdam
1060 1859 1296 1926 malefactores
1314 1860 1372 1946 qui

221 1945 471 2012 decollaverunt
486 1945 695 2012 Willelmum
710 1946 742 2011 le
757 1947 871 2013 116661.

286 2075 528 2142 Malefactores
551 2075 663 2160 ignoti
677 2075 909 2160 burgaveruut
924 2076 1062 2141 domum
1076 2076 1261 2144 Alexandri
1276 2075 1372 2143 (lole-

220 2164 348 2227 manin
367 2163 572 2243 Hilderton’,
588 2167 623 2229 61
639 2162 728 2228 bona
745 2183 808 2227 sua
822 2165 1092 2247 asportaverunt.
1138 2163 1299 2229 Nascitur
1312 2165 1370 2249 qui

219 2249 371 2317 fuerunt.
417 2251 463 2315 llt
486 2250 604 2315 villata
628 2250 670 2317 de
703 2249 898 2314 Hilderton’
922 2271 991 2314 non
1021 2248 1105 2315 iecit
1135 2256 1261 2316 sectam
1292 2254 1371 2336 post

221 2337 394 2404 hutesium
409 2337 569 2418 levatum,
585 2337 661 2404 ideo
677 2337 714 2400 in
730 2336 817 2401 mis'.

285 2459 478 2525 Willelmus
494 2459 635 2540 Messor,
648 2458 802 2544 fugando
818 2458 988 2542 quandam
1000 2479 1135 2525 vaccam
1150 2458 1266 2526 volens
1275 2459 1370 2527 illam

220 2545 406 2632 inparcare,
423 2547 516 2613 venit
539 2546 669 2626 Siblia,
686 2549 782 2630 cujus
804 2567 907 2612 vacca
922 2545 992 2610 luit
1014 2548 1049 2610 et
1065 2545 1172 2612 voluit
1186 2546 1367 2616 defendere

219 2655 356 2700 vaccam
370 2635 464 2700 illam
479 2655 523 2699 ne
544 2633 736 2718 inparcaret
752 2654 837 2698 eam.
881 2633 928 2697 Et
942 2654 1017 2717 quae
1033 2633 1153 2699 Sibilla
1173 2655 1367 2719 prengnans

219 2720 300 2786 fnit.
345 2721 442 2788 Idem
457 2721 649 2787 Willelmus
665 2741 740 2786 eam
755 2720 846 2805 oepit
867 2724 902 2784 et
913 2721 1058 2805 jactavit
1073 2743 1147 2786 eam
1171 2721 1215 2785 ad
1230 2725 1366 2803 terram,

219 2809 271 2876 ita
285 2810 376 2895 quod
390 2811 486 2876 sexto
509 2808 563 2876 die
578 2809 710 2895 peperit
732 2808 902 2892 quendam
917 2807 1109 2873 abortivum
1132 2811 1303 2873 mortuum
1326 2811 1367 2876 de

218 2896 433 2984 longitudine
457 2896 559 2962 unius
581 2895 722 2981 pollicis.
784 2896 829 2959 111
853 2894 943 2959 idem
970 2894 1161 2961 Willelmus
1188 2901 1284 2961 sexto
1313 2897 1368 2962 die

218 2989 338 3068 postea
364 2983 533 3049 subtraxit
557 3005 602 3048 se.
648 2981 782 3048 Catella
808 2981 883 3067 ejus
904 2981 986 3067 xviij
1000 2982 1027 3044 ε’
1052 2983 1141 3067 rja,
1166 2982 1256 3048 unde
1280 2984 1367 3051 vice·

219 3090 330 3136 comes
344 3070 557 3155 respondeat.
602 3070 648 3135 111
659 3069 778 3134 villata
794 3069 835 3136 de
857 3068 1162 3135 Northcharleston
1176 3090 1246 3136 non
1261 3093 1367 3137 arres-

219 3157 308 3224 16111
323 3179 413 3238 eum,
428 3157 504 3224 ideo
519 3157 557 3220 in
573 3157 659 3222 mis'.
1157 3187 1158 3191 ¹

284 3279 456 3345 Gilbertus
485 3278 623 3365 Spinclr,
639 3278 740 3343 homo
765 3277 848 3342 Adoe
862 3275 894 3343 le
919 3275 1089 3357 Camhus',
1112 3277 1272 3343 inventus
1296 3279 1368 3343 fuit

218 3367 347 3433 occisus
372 3367 410 3430 iu
435 3387 530 3431 mora
553 3367 594 3432 de
619 3365 816 3430 Lemacton'
842 3364 970 3429 habens
993 3363 1105 3447 plures
1134 3364 1264 3450 plagas.
1321 3367 1368 3430 111

219 3455 390 3520 Borardus
403 3453 492 3519 filius
507 3453 689 3533 Edmundi,
699 3451 828 3537 primus
840 3451 1007 3530 inventor,
1023 3449 1118 3517 venit
1133 3457 1168 3516 et
1179 3474 1249 3518 non
1264 3453 1368 3518 male-

218 3542 379 3609 creditur.
447 3540 607 3607 Nascitur
643 3539 718 3624 quis
756 3559 834 3604 eum
883 3537 1017 3602 occidit.
1084 3539 1130 3604 111
1170 3539 1289 3605 villata
1325 3541 1368 3605 de

219 3630 415 3695 Lemacton'
428 3650 499 3692 non
523 3627 620 3693 venit
634 3627 733 3712 plene
758 3627 801 3691 ad
824 3624 1092 3709 inquisitionem,
1115 3625 1190 3694 ideo
1217 3627 1254 3691 in
1279 3628 1366 3693 mis'.

219 3718 265 3782 Et
288 3717 405 3782 villata
428 3716 469 3782 de
496 3715 664 3795 Prestou’,
690 3713 770 3798 quia
797 3734 867 3779 nou
890 3711 975 3776 fecit
1002 3717 1130 3778 sectam
1156 3719 1235 3798 post
1263 3714 1367 3780 male-

218 3807 365 3871 factores
390 3803 449 3889 qui
479 3801 709 3888 burgarerunt
735 3801 870 3866 domum
895 3799 1061 3864 Willelmi
1090 3799 1201 3886 Hyde,
1228 3801 1305 3868 ideo
1331 3803 1369 3866 in

219 3893 307 3958 mis’.

284 4013 524 4079 Maleiactores
544 4010 656 4098 ignoti
670 4009 903 4094 burgarorunt
924 4009 1062 4074 domum
1077 4007 1160 4074 llliee
1174 4008 1235 4073 filii
1250 4009 1367 4077 Aliciae

219 4101 256 4166 in
270 4100 486 4182 Burnestou',
502 4104 538 4165 et
552 4099 640 4164 bona
656 4096 768 4162 suain
791 4096 909 4162 eadem
931 4097 1071 4162 inventa
1093 4100 1365 4181 asportaverunt.

219 4190 380 4256 Nascitur
405 4187 464 4273 qui
492 4189 646 4254 fuerunt.
691 4185 738 4249 111
751 4182 873 4249 villata
903 4183 943 4250 de
968 4183 1173 4250 Burneston'
1199 4205 1269 4250 non
1282 4185 1367 4251 fecit

219 4281 356 4359 sectam,
372 4276 449 4342 ideo
464 4277 501 4339 in
518 4273 604 4338 mis'.

282 4400 368 4480 Edu,
391 4420 478 4465 uxor
499 4395 642 4464 Henrici
671 4394 704 4461 le
726 4395 851 4459 Muner
881 4392 922 4458 de
959 4392 1078 4474 Lucre,
1116 4391 1295 4478 suspendit
1332 4415 1368 4460 se

286 4552 295 4588 ¹
312 4551 435 4622 Opposita
445 4555 473 4605 16
483 4552 556 4606 these
566 4565 655 4604 names
665 4549 695 4601 in
703 4548 750 4602 the
761 4545 865 4614 margin
875 4543 898 4599 is
908 4545 954 4599 tho
965 4545 1029 4599 fatal
1042 4550 1057 4573 “
1064 4545 1099 4596 (”
1110 4548 1152 4599 for
1162 4553 1284 4614 mena.
