3264 5110
272 518 336 584 330
455 539 567 586 asama
591 537 688 599 corn,
710 537 1049 592 nosvuurrassannn,
1075 519 1093 583 7
1116 537 1203 584 cuv.
1229 537 1252 582 ι.

273 691 382 759 solvet
402 694 621 760 medietatem
648 691 693 759 ad
715 693 844 761 festum
869 691 987 758 Sancti
1012 691 1189 758 Michaelis
1212 713 1304 758 anno
1326 691 1423 777 regni

273 781 378 866 Regis
405 803 495 848 nunc
532 780 687 866 septimo,
714 784 750 846 et
779 780 922 846 alteram
945 780 1163 848 medietatem
1188 781 1233 845 ad
1259 779 1423 845 Pascham

228 907 234 918 =
273 869 427 976 proximo
443 872 651 954 sequentem.

337 1005 389 1072 De
414 1007 502 1070 vinis
527 1004 685 1086 venditis,
713 1009 789 1086 etc,
822 1004 943 1071 dicunt
979 1005 1069 1090 quod
1099 1005 1290 1070 Willelmus
1316 1004 1424 1070 Cocus

272 1093 426 1158 vendidit
442 1093 521 1158 vina
536 1097 656 1158 contra
670 1093 822 1174 assisam,
838 1091 914 1158 ideo
929 1094 965 1156 in
981 1091 1068 1158 mis'.

337 1231 389 1296 De
404 1235 479 1295 tota
494 1230 612 1295 villata
636 1230 678 1296 de
703 1229 772 1294 fine
798 1249 859 1314 pro
881 1229 927 1315 xij
954 1233 990 1294 et
1014 1233 1089 1295 tota
1104 1229 1223 1296 villata
1237 1230 1341 1296 etiam
1364 1251 1425 1316 pro

273 1317 448 1384 vinateriis
463 1338 524 1402 pro
540 1317 692 1403 pluribus
707 1316 1034 1402 transgressionibus
1049 1319 1132 1382 vm'.

339 1458 515 1523 Juratores
531 1459 742 1541 praesentant
764 1454 849 1520 alias
872 1477 984 1521 coram
1007 1455 1168 1542 Philippo
1183 1456 1225 1522 de
1240 1456 1365 1521 Wilebi
1389 1459 1425 1521 et

274 1545 321 1616 (Ρ,
344 1544 435 1608 socio
451 1565 513 1609 suo
541 1545 584 1608 ad
609 1542 848 1627 inquirendum
864 1543 954 1627 quod
980 1543 1149 1609 Robcrtus
1173 1543 1215 1609 de
1240 1543 1423 1624 Menevill’,

273 1633 354 1698 dum
370 1633 441 1696 fuit
457 1631 675 1696 subescaetor
698 1630 762 1695 sub
776 1629 935 1694 Villelmo
959 1630 1001 1694 de
1014 1629 1167 1714 ‘Boyvil',
1184 1631 1319 1715 quando
1335 1632 1425 1716 cepit

273 1719 434 1786 saisinam
459 1719 500 1783 de
526 1718 627 1782 terris
651 1722 686 1782 et
710 1718 915 1783 tenementis
940 1716 1083 1782 Roberti
1108 1718 1148 1783 de
1172 1719 1241 1784 Ros
1264 1719 1306 1784 de
1321 1719 1425 1783 Werk

273 1810 353 1892 post
378 1809 520 1870 mortem
545 1804 653 1889 ipsius
682 1804 833 1883 Roberti,
850 1805 941 1890 cepit
959 1805 1000 1869 de
1016 1804 1134 1869 villata
1154 1805 1195 1872 de
1211 1805 1316 1871 Werk
1341 1805 1376 1870 lx
1385 1808 1424 1886 ε’,

274 1894 317 1959 dc
333 1892 454 1957 villata
481 1892 522 1956 de
550 1893 733 1958 Leverrnue
748 1891 783 1956 lx
793 1893 829 1972 a’,
846 1893 887 1956 de
909 1891 1090 1958 Pressefen
1106 1893 1137 1956 xl
1147 1894 1183 1974 ε’,
1200 1893 1240 1958 de
1255 1893 1425 1978 Magistro

274 1982 314 2047 de
329 1979 482 2044 Karham
499 1981 569 2058 xa’,
591 1979 632 2044 de
648 1978 807 2064 Philippo
831 1979 872 2044 de
896 1978 1008 2043 Ridal'
1031 2001 1093 2064 pro
1108 1984 1248 2065 pastura
1270 1980 1428 2046 habenda

273 2091 317 2133 xx
327 2068 364 2148 a’,
381 2089 483 2132 causa
498 2065 740 2150 recognitionis
756 2065 895 2130 domini.
941 2067 988 2130 Et
1003 2065 1123 2132 dicunt
1138 2067 1226 2151 quod
1243 2088 1311 2132 non
1326 2068 1427 2132 intel-

273 2155 387 2238 ligunt
403 2154 492 2238 quod
502 2153 682 2238 praedictus
692 2153 862 2218 Robertus
880 2174 1053 2236 nunquam
1070 2154 1218 2219 reddidit
1234 2158 1425 2240 compotum

274 2243 318 2306 ad
343 2241 558 2320 scaccarium,
577 2241 652 2305 ideo
674 2241 877 2325 respondeat
892 2241 933 2306 de
948 2240 1074 2308 eisdem
1089 2241 1156 2306 nisi
1172 2243 1215 2306 ad
1230 2243 1428 2328 praedictum

274 2328 490 2409 scaccarium,
506 2333 570 2394 etc.

463 2534 618 2599 Vmerus
641 2555 686 2598 uu
710 2533 893 2598 Bauauac'
916 2554 1019 2599 vanu·
1042 2555 1108 2600 saa
1130 2541 1232 2600 urreis.

341 2671 512 2738 Patricius
541 2672 623 2736 Scot
645 2670 812 2756 percussit
827 2669 1034 2736 Willelmum
1054 2671 1095 2737 de
1117 2670 1266 2756 Nesebig
1281 2671 1427 2756 quadam

276 2760 400 2826 hechia
419 2759 456 2822 in
483 2758 594 2844 capite
621 2759 671 2822 ita
696 2759 784 2842 quod
808 2758 888 2822 inde
904 2757 999 2823 obiit.
1045 2759 1091 2822 at
1115 2759 1285 2824 Patricius
1308 2758 1426 2822 statim

275 2847 428 2930 fugitet
454 2845 701 2926 malecreditur,
729 2844 806 2911 ideo
832 2845 989 2928 eiigatur
1015 2849 1050 2910 et
1074 2845 1260 2932 utlagatus.
1322 2845 1426 2910 Nulla

278 2934 399 2999 habuit
422 2933 556 2999 catalla.
603 2933 649 2998 Et
663 2933 782 2997 villata
804 2932 846 2996 de
869 2933 1078 3018 Bamburgh’
1095 2954 1164 2998 non
1190 2931 1280 3020 cepit
1304 2931 1427 3018 ipsum,

275 3022 351 3086 ideo
366 3021 401 3085 in
419 3021 505 3086 mis'.

344 3158 519 3224 Galiridus
536 3157 639 3223 Sutor
653 3158 695 3222 de
710 3157 895 3242 Bamburg'
907 3157 1077 3222 subtraxit
1093 3180 1128 3223 se
1144 3163 1180 3223 et
1195 3157 1433 3224 malcoreditur

277 3248 318 3313 de
334 3245 487 3331 pluribus
503 3244 716 3311 latronciniis
739 3245 842 3309 factis
868 3250 1019 3330 tempore
1046 3246 1174 3310 domini
1199 3245 1303 3333 Regis
1328 3267 1430 3326 nunc,

276 3335 352 3400 ideo
379 3333 537 3418 exigatur
562 3336 597 3400 et
623 3333 809 3416 utlagatur.
855 3331 989 3397 Catulla
1012 3334 1084 3418 ejus
1099 3333 1146 3418 vij
1157 3335 1184 3397 ε’
1209 3331 1257 3419 iiij
1269 3334 1313 3413 d',
1338 3333 1429 3398 unde

274 3421 364 3486 idem
382 3421 564 3485 vicecomes
580 3420 793 3505 respondeat.

342 3561 492 3645 Angues,
532 3557 603 3622 filia
639 3556 826 3637 Benedicti,
865 3556 1071 3622 scaturiaata
1107 3558 1176 3623 fuit
1213 3557 1249 3622 in
1282 3559 1426 3643 quodam

276 3647 413 3732 plumbo
428 3647 528 3731 pleno
543 3665 632 3728 aqua
647 3644 768 3724 calida,
781 3644 831 3707 ita
843 3645 931 3728 quod
948 3644 1044 3709 obiit.
1089 3645 1212 3711 Nullus
1228 3645 1308 3710 inde
1323 3645 1426 3712 male-

276 3735 433 3801 creditur.
477 3733 661 3811 iudicium,
677 3731 914 3796 infortunium.
959 3732 1117 3798 Precium
1132 3732 1261 3818 plumbi
1277 3735 1331 3798 va'
1348 3733 1425 3814 vd’,

275 3823 365 3887 unde
392 3821 483 3885 idem
512 3820 696 3884 vicecomes
726 3819 939 3903 respondeat.
995 3821 1039 3883 nt
1066 3820 1111 3905 xij
1139 3821 1309 3905 juratores
1336 3819 1425 3885 falso

204 3967 210 3980 ‚
275 3908 554 3995 appreciaverunt
570 3906 769 3991 praedictum
785 3906 1011 3983 deodandum,
1027 3906 1103 3971 ideo
1118 3907 1154 3970 in
1170 3908 1259 3972 mis’.

341 4047 393 4112 De
409 4044 594 4131 serjantiis,
611 4047 687 4124 etc,
705 4043 824 4109 dicunt
847 4043 936 4129 quod
950 4044 1139 4110 Willelmus
1167 4043 1198 4110 le
1220 4042 1369 4111 Coroner
1383 4043 1425 4108 da

274 4133 482 4219 Bamburgh’
518 4135 614 4197 tenet
651 4152 755 4195 unam
786 4136 979 4196 carucatam
1010 4135 1110 4196 terna
1145 4152 1206 4216 per
1246 4131 1424 4196 servitium

274 4222 425 4288 faciendi
440 4217 719 4285 summonitiones
735 4223 770 4282 et
785 4218 1039 4284 atachiamenta
1055 4221 1098 4283 ad
1117 4218 1315 4283 mandatum
1331 4239 1423 4283 coro-

274 4315 434 4375 natorum
460 4307 496 4370 in
521 4304 644 4370 balliva
670 4326 730 4391 per
756 4309 868 4370 totum
895 4306 1093 4372 comitatum
1108 4305 1199 4370 ultra
1214 4305 1333 4371 Ooket.
1382 4305 1428 4370 Et

273 4397 363 4464 valet
377 4401 469 4462 terra
484 4393 542 4458 illa
557 4415 617 4478 per
632 4414 762 4458 annum
779 4416 800 4458 x
813 4393 849 4457 li'
866 4415 888 4457 x
898 4395 939 4459 ε’.

343 4536 363 4600 J
368 4540 519 4600 uratores
541 4537 749 4617 praesentunt
763 4532 852 4616 quod
875 4532 966 4598 idem
981 4531 1169 4598 Willelmus
1193 4533 1223 4600 le
1244 4533 1431 4599 Coronator
