3280 5112
322 550 439 596 sssmn
462 550 561 610 noun,
585 547 921 607 ιιοιιιιιιιιιιιιιιιιιι,
944 527 988 592 40
1010 547 1094 592 unu.
1117 548 1172 592 111.
1284 527 1325 590 27

172 703 321 788 quinque
335 725 431 769 acras
447 707 547 768 terrm
561 723 638 768 cum
652 700 871 788 pertinentiis
889 700 926 764 in
948 700 1116 780 Scotton’,
1139 700 1181 765 de
1204 698 1326 784 quibus

174 791 301 871 Isolda,
317 791 386 854 filia
401 789 569 854 Willelmi
585 789 766 873 Godcwyn,
783 787 1039 872 consanguinea
1060 786 1215 872 praedicti
1236 785 1327 851 Rad-

172 877 280 963 ulphi,
296 881 374 957 etc,
389 876 460 940 fuit
476 875 595 941 seisita
608 877 646 939 in
662 875 831 939 dominico
847 895 919 954 suc,
937 877 1013 954 ete,
1030 874 1085 939 die
1100 894 1179 958 quo,
1195 876 1260 939 etc.

235 964 281 1028 at
303 965 458 1048 Regesne
481 963 574 1026 venit
596 965 633 1026 et
655 961 739 1026 dicit
757 960 848 1046 quod
863 982 931 1026 non
946 963 1062 1045 potest
1078 960 1110 1025 ei
1124 959 1327 1044 respondere

175 1051 249 1115 sine
274 1051 419 1133 quadam
435 1051 582 1134 Agnete‚
594 1070 698 1114 uxore
723 1069 796 1127 sua,
813 1067 886 1132 quae
901 1048 1033 1112 feofata
1049 1048 1119 1112 fuit
1135 1045 1235 1112 simul
1251 1067 1328 1110 cum

174 1158 215 1201 ec
240 1137 282 1201 de
304 1136 468 1220 praedicta
492 1139 584 1199 terra
608 1140 643 1202 et
667 1156 739 1219 quae
762 1155 832 1198 non
856 1133 1053 1198 nominatur
1074 1133 1111 1196 in
1132 1134 1236 1199 brevi.
1282 1133 1328 1196 Et

175 1223 376 1308 Radulphus
392 1243 461 1286 non
476 1225 591 1306 potest
606 1223 671 1286 hoc
687 1220 850 1285 dedicere.
893 1220 976 1284 Ideo
989 1220 1143 1306 Rogems
1158 1220 1238 1286 inde
1254 1219 1328 1284 sine

176 1309 241 1389 die,
266 1315 301 1374 et
323 1309 524 1393 Radulphus
548 1308 586 1371 in
608 1307 684 1373 mis'
706 1327 768 1393 pro
787 1307 877 1372 falso
893 1305 1047 1373 clamore.
1080 1308 1139 1370 'Et
1153 1304 1328 1393 perquirat

175 1397 242 1462 sibi
256 1416 317 1480 per
332 1395 426 1460 alind
439 1396 540 1462 breve
555 1395 586 1458 si
600 1393 755 1474 voluerit,
773 1399 836 1459 etc.

240 1523 416 1588 Waltems
438 1522 528 1587 filins
551 1521 679 1607 Rogeri
701 1522 742 1587 de
760 1521 935 1606 Slaveleya
958 1520 1185 1586 summonitus
1200 1521 1270 1585 fuit
1285 1521 1329 1586 ad

175 1611 449 1696 respondendnm
464 1610 601 1674 Thomae
616 1609 687 1673 filio
703 1607 863 1673 Manselli
878 1610 920 1673 de
935 1608 1063 1692 placito
1078 1607 1167 1691 quod
1178 1607 1286 1673 faciat
1298 1606 1330 1672 ei

176 1705 304 1763 sectam
330 1698 372 1761 ad
398 1696 629 1761 molendinum
653 1695 813 1759 suumin
838 1695 1021 1780 Slaveleyal
1045 1716 1147 1779 quam
1169 1695 1213 1759 ad
1235 1694 1329 1758 illam

174 1784 288 1850 facere
305 1783 416 1863 debet,
431 1788 496 1848 etc.
541 1782 588 1845 Et
602 1782 694 1846 unde
709 1781 800 1846 idem
814 1781 962 1846 Thomas
978 1781 1132 1865 queritur
1147 1782 1237 1865 qnod
1253 1802 1330 1847 cnm

176 1870 315 1954 quidam
330 1869 501 1934 Rcbertus
517 1868 559 1932 de
574 1869 721 1968 Flemeg'
737 1868 853 1932 tenuit
868 1868 910 1932 de
925 1889 965 1934 eo
980 1872 1111 1953 septem
1122 1889 1218 1932 acras
1230 1872 1330 1934 terrae

176 1963 212 2022 et
227 1957 405 2021 dimidiam
421 1975 496 2021 cnm
512 1954 731 2038 pertinentiis
750 1953 787 2018 iu
805 1955 969 2039 praedicta
991 1954 1071 2018 villa
1086 1976 1148 2040 pro
1170 1955 1281 2020 tribus
1303 1953 1329 2017 ι’

175 2048 211 2110 et
225 2042 285 2126 viij
304 2043 337 2105 d'
352 2062 414 2126 per
436 2062 564 2105 annum
584 2044 621 2104 et
639 2061 700 2124 per
715 2045 842 2106 sectam
857 2041 1051 2106 faciendam
1070 2043 1115 2105 ad
1129 2041 1331 2126 praedictum

177 2128 423 2208 molendinum,
440 2127 582 2208 scilicet,
606 2127 650 2191 ad
668 2127 864 2192 molendum
884 2127 920 2191 in
944 2128 1062 2192 eodem
1076 2128 1272 2204 molendino
1286 2127 1331 2192 ad

176 2217 321 2316 tertium
338 2215 589 2315 decimumnvas.
627 2214 686 2278 Ita
701 2214 791 2298 quod
802 2214 893 2314 idem
908 2214 1056 2278 Thomas
1067 2213 1139 2278 fuit
1153 2214 1190 2278 in
1205 2213 1332 2314 seisina

176 2299 963 2470 sstfftl‘ttfitmptltlelmtl
977 2301 1333 2453 iltt‘lttztpt

178 2477 219 2539 de
234 2475 337 2539 feodo
352 2477 388 2538 et
402 2475 479 2559 jure
494 2478 646 2558 tempore
658 2473 764 2558 Regis
775 2494 878 2553 nunc,
891 2473 1054 2558 capiendo
1066 2473 1146 2540 inde
1161 2473 1275 2558 exples
1287 2472 1332 2537 ad

177 2561 375 2640 valentiam,
401 2563 464 2625 etc.
513 2561 701 2625 Praedictns
727 2560 903 2624 Walterus
930 2559 987 2643 qui
1012 2563 1109 2624 tenet
1134 2561 1332 2645 praedictam

177 2650 305 2714 terram
330 2669 370 2714 ex
394 2645 591 2712 venditione
613 2646 768 2730 predicti
782 2646 926 2710 Roberti
941 2646 981 2712 de
997 2646 1184 2732 Flemeng’,
1200 2666 1333 2730 semper

177 2739 358 2820 postquam
382 2732 504 2797 habuit
523 2733 720 2816 praedictam
739 2736 877 2812 terram,
899 2731 1030 2796 dedixit
1053 2732 1168 2799 facere
1193 2733 1225 2797 ei
1248 2755 1333 2818 prae-

179 2822 307 2885 dictam
323 2823 462 2900 sectam,
474 2819 565 2883 unde
580 2819 666 2882 dicit
681 2818 771 2902 quod
786 2818 1013 2884 deterioratus
1029 2822 1082 2886 est
1096 2823 1132 2885 et
1147 2821 1333 2904 dampnum

179 2906 284 2971 habet
299 2906 342 2970 ad
358 2905 544 2970 valentiam
559 2927 604 2968 xx
618 2905 655 2984 ι’,
671 2910 735 2970 etc.

245 2993 291 3056 nt
306 2992 482 3057 Walterns
497 2991 591 3057 venit
607 2995 641 3056 et
657 2991 852 3056 concordati
874 2994 955 3056 sunt
976 3012 1037 3075 per
1057 2991 1242 3058 licentiam.
1288 2993 1334 3056 nt

180 3079 355 3144 Walterus
383 3078 442 3142 dat
468 3076 645 3141 dimidiam
670 3099 819 3142 marcam
845 3097 907 3163 pro
929 3077 1070 3142 licentia
1093 3079 1333 3144 concordandi.

180 3166 227 3229 Et
241 3169 295 3229 est
311 3164 491 3229 concordia
504 3163 585 3227 talis
602 3163 689 3247 quod
704 3164 886 3248 praedictus
902 3163 1076 3228 Walterus
1091 3165 1288 3250 recognovit
1300 3169 1335 3230 et

182 3251 349 3317 concessit
363 3272 425 3335 pro
442 3271 477 3315 se
493 3255 528 3314 et
543 3250 723 3314 heredibus
748 3250 818 3314 suis
834 3251 922 3334 qnod
938 3250 950 3312 i
975 3250 1005 3314 si
1020 3250 1062 3316 de
1077 3256 1190 3318 cetero
1205 3252 1336 3316 facient

183 3342 311 3404 sectam
325 3338 370 3400 ad
384 3336 584 3422 pradictum
598 3335 831 3401 molendinum
847 3339 890 3402 ad
904 3273 1099 3402 molendum
1111 3339 1227 3402 omnia
1235 3338 1336 3402 blada

184 3445 246 3488 sua
269 3425 311 3488 de
336 3423 453 3489 eadem
474 3429 567 3487 terra
589 3421 822 3507 provenientia
846 3423 889 3487 ad
911 3424 1053 3487 tertium
1075 3423 1243 3489 decimum
1265 3446 1336 3489 vas.

184 3511 229 3575 Ει
243 3529 306 3594 ριο
321 3509 395 3590 hae,
411 3515 488 3589 etc,
504 3509 595 3573 idem
609 3509 757 3574 Thomas
772 3509 921 3573 remittit
935 3509 967 3574 ei
983 3509 1130 3594 dampna
1145 3531 1217 3590 sua,
1234 3515 1299 3576 etc.

250 3646 422 3710 Martinus
445 3644 536 3709 filius
559 3644 714 3709 Eustacii
736 3649 771 3709 et
793 3645 905 3710 Adam
928 3645 1016 3711 filins
1036 3646 1196 3712 Hawisiae
1212 3649 1338 3731 petunt

186 3753 300 3798 verens
318 3730 529 3798 Willelmum
543 3730 652 3795 filium
667 3731 794 3816 Rogeri
809 3731 894 3796 duas
908 3737 1023 3817 partes
1038 3733 1140 3797 unius
1155 3733 1339 3818 messuagii

185 3840 262 3884 cnm
283 3817 503 3903 pertinentiis
526 3817 562 3881 in
582 3817 750 3882 Alnemue
766 3824 805 3882 nt
819 3817 877 3904 jus
893 3823 929 3883 et
944 3819 1183 3884 rationabilem
1204 3824 1337 3904 partem

184 3907 335 3990 ipsorum
355 3903 500 3969 Martini
516 3907 551 3970 et
566 3903 659 3983 Adae,
680 3925 754 3987 quae
776 3904 824 3969 eis
847 3905 1062 3989 contingeret
1083 3907 1124 3970 de
1147 3906 1338 3972 hereditate

185 4014 257 4076 quae
272 3991 342 4055 fuit
358 3989 533 4075 Wymark'
546 3989 623 4054 filiae
633 3991 816 4076 Radulphi,
830 3992 1090 4077 consanguineae
1101 3992 1338 4076 praedictorum

185 4078 330 4143 Martini
354 4080 390 4142 et
416 4077 500 4141 Adae
526 4079 561 4140 et
587 4076 764 4156 Willelmi,
789 4079 884 4162 cujus
911 4078 1050 4143 heredes
1075 4079 1141 4162 ipsi
1164 4083 1256 4159 sunt,
1280 4081 1339 4164 qui

185 4185 304 4314 ppipprl,
335 4161 713 4314 etcffipdtsllliililelmus
744 4165 838 4229 venit
868 4168 903 4227 et
933 4164 1129 4315 pioncotrdati
1155 4170 1246 4316 eunti.
1291 4167 1339 4316 dil

270 4269 378 4318 emus
441 4293 443 4300 -
506 4271 567 4312 1m1
604 4270 660 4312 am
682 4271 830 4314 marcam
851 4271 913 4334 pro
962 4271 1023 4316 cen
1042 4273 1077 4316 ra
1099 4272 1221 4317 concor
1244 4274 1289 4316 an
1330 4301 1337 4318 .

185 4337 231 4402 nt
260 4341 314 4402 est
343 4335 523 4402 concordia
551 4334 632 4399 talis
662 4336 751 4420 quod
780 4335 935 4422 predicti
963 4337 1135 4403 Martinus
1163 4343 1199 4403 et
1228 4339 1339 4404 Adam

568 4517 576 4550 ¹
595 4519 678 4586 Slaley
690 4518 718 4571 in
730 4520 835 4589 Shotley
847 4521 947 4576 Parish.
