3264 5110
254 534 318 598 332
427 553 540 598 666166
564 553 662 612 nona,
686 551 1022 608 sensumsensurn,
1048 531 1065 596 7
1090 551 1177 596 now.
1204 551 1227 596 1.

255 710 291 772 et
305 706 489 792 utlagetnr.
524 705 658 773 0616116
672 707 744 793 ejus
759 706 808 794 xij
822 705 867 788 d’,
883 676 974 773 unde
989 706 1173 774 vicecomes
1188 705 1402 792 respondeat.

255 794 301 858 111
316 794 364 879 xij
380 793 552 879 juratores
569 794 697 859 nullam
713 793 869 861 fecerunt
885 795 1092 862 mentionem
1107 794 1144 859 in
1159 791 1329 860 veredicto
1344 813 1406 858 suo

255 880 297 948 de
311 882 482 968 praedictis
498 881 642 962 66161116,
658 881 735 948 1166
749 881 787 946 16
803 881 891 947 mis'.

321 1037 482 1118 Quaedam
498 1035 629 1115 mulier,
645 1036 773 1102 Idditha
798 1037 946 1117 nomine,
963 1037 1117 1103 insecuta
1140 1036 1210 1102 fuit
1229 1057 1291 1122 per
1304 1056 1407 1120 quen·

257 1127 335 1190 dam
365 1125 549 1211 Hugonem
578 1125 693 1189 ’11666
715 1145 822 1208 usque
848 1125 885 1188 in
908 1124 1023 1190 villam
1053 1125 1095 1191 16
1121 1125 1324 1190 Warnemuc
1346 1143 1408 1208 pro

254 1213 401 1298 quodam
426 1214 518 1292 bove,
549 1233 649 1297 quem
679 1211 818 1296 quidam
847 1211 935 1278 latro
961 1213 1135 1298 ingnotus,
1162 1213 1215 1277 vir
1240 1210 1408 1296 praedictae

255 1301 401 1378 11111166,
416 1300 551 1364 furatus
566 1299 683 1364 fuerat
709 1300 750 1364 de
773 1300 935 1385 praedicto
957 1300 1116 1385 Hugone.
1160 1299 1207 1362 111
1223 1303 1323 1384 capta
1337 1297 1407 1362 fuit

255 1393 291 1455 et
306 1386 460 1453 1661616
475 1386 603 1452 curiam
619 1387 661 1452 de
676 1387 880 1452 Warncmne
895 1392 930 1452 et
952 1385 1078 1453 ibidem
1093 1387 1252 1473 cognovit
1274 1406 1310 1450 66
1332 1405 1406 1450 esse

255 1475 456 1561 participem
472 1474 513 1540 16
528 1473 688 1559 66611616
703 1473 901 1554 latrocini03
917 1495 979 1560 per
992 1473 1297 1540 considerationem
1318 1474 1407 1558 ejus·

257 1562 334 1629 dem
350 1562 450 1628 curiae
465 1582 629 1648 suspensa
643 1560 723 1627 fuit.
768 1561 874 1627 Nulla
887 1561 1010 1627 babuit
1024 1561 1159 1628 6616116.

320 1725 343 1790 J
345 1729 498 1790 oratores
527 1729 736 1811 praesentant
764 1725 854 1811 quod
874 1726 984 1792 Adam
1011 1727 1053 1792 de
1079 1727 1192 1792 Luker
1217 1725 1406 1792 1611616166

244 1814 326 1878 Ι1611
346 1814 387 1878 16
403 1813 576 1898 burglaria
596 1815 715 1878 domus
738 1813 880 1879 Roberti
895 1814 936 1880 de
960 1813 991 1879 le
1014 1813 1221 1881 Hevedrowe
1245 1813 1282 1878 in
1303 1813 1405 1878 Bam-

256 1902 353 1986 burg’
384 1904 420 1966 et
444 1905 666 1985 manucaptus
690 1901 760 1965 fuit
789 1922 895 1985 usque
922 1901 1104 1967 adventum
1130 1901 1405 1966 Justiciariorum

256 1987 1407 2142 1111111111111111111111111111111

258 2124 466 2226 Willelmubr
495 2162 603 2226 filium
633 2161 774 2227 Henrici
797 2163 839 2229 de
870 2125 993 2242 Luke’r,
1020 2162 1208 2228 Robertum
1231 2163 1340 2227 Batur
1365 2125 1407 2228 dd

257 2249 470 2330 1166611116,
486 2249 672 2314 Robertum
695 2251 737 2314 de
760 2249 991 2329 Gramstancs,
1008 2251 1213 2317 Willelmum
1228 2250 1343 2315 Brand
1365 2250 1406 2316 16

258 2337 421 2416 Ulcestre,
437 2335 655 2402 vincentium
680 2337 722 2402 de
745 2336 842 2402 Nova
856 2336 958 2417 Villa,
987 2337 1215 2423 Radulphum,
1236 2338 1407 2403 hominem

258 2423 414 2501 (11116611,
426 2427 459 2490 61
475 2425 495 2488 J
497 2424 677 2504 ohannem,
689 2425 833 2490 fratrem
847 2425 931 2509 ejus,
944 2423 1002 2509 qui
1011 2424 1123 2510 ipsum
1133 2447 1202 2490 666
1214 2424 1408 2490 habuerunt

258 2511 366 2596 primo
381 2511 448 2589 die,
464 2511 540 2577 ideo
555 2511 591 2575 in
608 2511 693 2576 mis'.

323 2667 498 2730 iuratores
521 2668 729 2751 praesentant
756 2666 845 2750 quod
870 2665 1026 2732 custodes
1047 2665 1151 2732 castri
1166 2667 1208 2732 de
1223 2665 1406 2753 Bamburg'

257 2753 559 2839 appropriaverunt
589 2752 654 2817 sibi
681 2753 789 2818 wreck
814 2753 918 2818 maris
942 2754 983 2821 16
1011 2775 1099 2838 aqua
1129 2754 1171 2820 (16
1202 2754 1406 2822 Warnemue

257 2861 364 2926 usque
380 2841 423 2905 ad
439 2839 609 2926 cogeshal
619 2841 855 2920 Warnemuth,
872 2845 908 2906 et
922 2841 1051 2906 habent
1065 2864 1086 2906 6
1101 2847 1251 2928 tempore
1267 2841 1409 2909 Itoberti

258 2929 299 2995 de
324 2927 434 2992 Nevil'
461 2931 496 2992 ct
525 2928 589 2993 hoc
614 2927 739 3013 viginti
769 2929 868 2993 annis
894 2928 1030 3013 elapsis,
1059 2929 1109 2992 ita
1133 2929 1223 3014 qnod
1245 2929 1404 2997 vreckum

255 3016 342 3079 11161
372 3035 440 3078 666
465 3019 643 3080 arentatur
668 3014 704 3078 in
730 3014 828 3080 firma
854 3015 896 3080 16
921 3016 1103 3102 Bamburg'
1129 3020 1165 3082 61
1192 3015 1406 3082 Warnemue.

259 3103 341 3168 Ideo
362 3105 567 3187 praeceptum
597 3105 651 3167 est
675 3101 865 3167 vicecomiti
890 3107 925 3167 61
954 3104 1145 3168 coronatori
1174 3104 1264 3189 quod
1293 3107 1406 3169 totum

257 3190 416 3255 vreckum
441 3188 532 3273 quod
557 3190 599 3253 16
626 3192 738 3254 cetero
766 3189 892 3278 ibidem
916 3189 1077 3256 acciderit
1101 3191 1145 3255 61
1168 3212 1252 3277 6666
1278 3191 1406 3256 domini

258 3277 361 3362 Regis
376 3276 628 3362 appreciaretur
642 3280 677 3340 61
692 3274 784 3341 66166
800 3277 1029 3343 custodiretur
1043 3299 1149 3364 usque
1164 3280 1209 3343 ad
1223 3278 1407 3344 adventum

256 3366 279 3429 J
280 3364 532 3430 usticiariorum
547 3363 591 3428 ad
606 3364 721 3428 omnia
736 3363 873 3448 placita.

323 3521 344 3584 J
346 3524 499 3585 uiatores
514 3522 722 3605 praesentant
736 3519 827 3603 quod
841 3519 1021 3601 Robartus,
1033 3522 1202 3605 quondam
1216 3521 1403 3608 Episcopus

257 3607 507 3688 Dunelmensis,
524 3607 754 3692 appropriavit
776 3606 841 3672 sibi
862 3608 1033 3692 quandam
1058 3609 1239 3694 piscariam
1262 3609 1299 3672 in
1320 3629 1408 3692 aqua

258 3695 299 3760 de
326 3695 514 3780 Eysworth'
546 3695 647 3780 juxta
673 3715 765 3760 mare
789 3694 879 3760 uude
904 3695 1058 3763 homines
1083 3696 1210 3761 domini
1234 3696 1338 3781 Regis
1362 3695 1403 3759 de

260 3780 465 3848 Warnemue
480 3781 604 3867 piscari
619 3781 783 3862 solebant,
800 3782 851 3846 ita
867 3781 957 3866 quod
972 3783 1086 3848 nullus
1102 3803 1218 3848 eorum
1234 3804 1335 3864 ausus
1351 3786 1404 3847 est

257 3868 382 3935 ibidem
402 3869 526 3955 piscari
550 3869 623 3935 6166
646 3869 786 3935 licentia
801 3869 884 3935 dicti
907 3870 1067 3956 Episcopi
1093 3871 1137 3935 61
1163 3872 1345 3958 dampnum
1370 3875 1405 3936 et

257 3956 502 4043 praejudicium,
519 3961 583 4022 616.
629 3956 711 4022 Ι166
727 3957 771 4021 61
784 3956 951 4042 judicium
967 3958 1008 4022 16
1025 3978 1074 4024 66.

322 4111 460 4178 Deiota
471 4111 589 4176 villata
598 4111 640 4177 16
650 4113 717 4177 fine
732 4133 793 4196 pro
808 4132 844 4177 se
856 4114 892 4176 et
900 4111 950 4198 xij
963 4111 1172 4197 juratoribus
1181 4133 1243 4199 pro
1253 4111 1406 4199 pluribus

256 4199 582 4284 transgressionibus
591 4221 634 4263 xx
644 4199 681 4264 c'.
704 4199 829 4264 Postea
841 4205 1006 4264 venerunt
1018 4200 1064 4286 xij
1078 4201 1248 4286 juratores
1260 4206 1295 4267 et
1306 4202 1406 4266 finem

255 4288 412 4354 iecerunt
440 4308 501 4372 pro
528 4309 563 4354 se
589 4290 624 4351 et
650 4290 725 4351 1616
747 4287 866 4351 villata
891 4308 952 4373 pro
979 4287 1242 4354 concellamento
1266 4292 1302 4353 61
1327 4287 1404 4352 aliis

256 4372 584 4460 transgressionibus
599 4374 684 4441 vm’.
