3264 5110
177 503 183 519 '
256 517 320 582 280
427 537 541 583 sssrzn
563 537 660 599 aona,
684 537 1019 598 normannicum,
1045 516 1064 583 7
1087 538 1174 583 now.
1198 539 1223 584 1.

321 689 525 756 Juratae-in
546 711 647 776 quam
662 691 766 778 Hugo
789 690 821 757 16
848 691 930 758 Scot
953 691 994 760 de
1020 691 1190 758 Kantuar’
1215 695 1347 778 petens,
1369 695 1406 757 61

257 777 437 859 cristiana,
452 778 525 843 fflia
538 779 621 844 Adae
636 779 743 844 Swale
758 779 799 844 de
814 778 1011 866 Oorebrigg'
1027 786 1157 862 tenens,
1166 783 1355 866 posuerunt
1369 800 1405 844 se

258 887 370 932 coram
388 865 587 952 justiciariis
611 865 740 930 domini
761 866 865 952 Regis
889 867 979 951 apud
1002 867 1345 934 westmonasterium
1363 867 1405 932 de

256 974 326 1017 nno
340 953 531 1039 messuagio
547 975 622 1018 cum
633 953 849 1039 pertinentiis
859 954 895 1018 in
905 954 1239 1041 Oorebrigff-venit
1253 953 1405 1040 recogni-

257 1043 337 1104 tnra
366 1039 396 1106 si
425 1039 624 1125 pradictum
654 1042 884 1127 messuagium
916 1042 987 1106 tuit
1015 1043 1073 1127 jus
1109 1046 1144 1108 et
1179 1042 1403 1128 perquisitum

258 1127 434 1212 cujusdam
473 1127 600 1208 Aliam,
631 1129 746 1194 uxoris
779 1128 959 1214 cujusdam
996 1129 1155 1216 Hugonis
1193 1130 1234 1194 de
1272 1128 1403 1214 Gysill',

230 1215 503 1300 consanguinei
538 1214 691 1300 praedicti
726 1215 884 1315 Hugonis
923 1217 955 1283 le
991 1218 1083 1297 scot,
1120 1217 1208 1282 sicut
1243 1215 1404 1300 praedicta

257 1300 430 1367 Cristiana
451 1302 548 1382 dicit,
571 1301 624 1368 rel
646 1303 676 1368 si
697 1303 895 1386 praedmtum
910 1303 1138 1389 messuagium
1152 1304 1222 1369 fuit
1236 1303 1402 1389 perquisi-

256 1391 333 1452 tum
346 1389 498 1473 praedicti
521 1389 679 1476 Hngonis
702 1389 833 1476 Gysill’,
857 1391 946 1456 sicut
961 1391 1141 1476 praedictus
1157 1391 1261 1476 Hugo
1274 1391 1307 1456 le
1323 1392 1404 1456 Soot

258 1475 354 1541 dicit.
414 1477 460 1542 Et
482 1479 651 1562 juratores
675 1476 720 1541 ad
748 1477 823 1558 hoc,
855 1478 897 1542 de
920 1498 1086 1543 consensu
1115 1477 1263 1562 partium
1292 1477 1402 1558 electi,

256 1562 377 1629 dicunt
411 1585 512 1650 snper
546 1568 795 1631 sacramentum
828 1586 926 1630 suum
963 1566 1055 1649 quod
1084 1565 1283 1650 pradictum
1317 1587 1402 1632 mes·

257 1651 415 1737 suagium
437 1651 508 1716 fuit
522 1652 746 1739 perquisitum
768 1652 935 1736 predicta
957 1651 1074 1718 Aliciae
1088 1651 1284 1737 priusquam
1299 1652 1403 1738 Hugo

256 1737 298 1803 de
326 1738 444 1825 Gysill’
471 1738 581 1823 ipsam
605 1739 833 1828 desponsavit,
858 1743 893 1806 et
917 1760 986 1806 non
1010 1740 1234 1825 perquisitum
1248 1738 1401 1826 praedioti

257 1824 416 1911 Hugonis
432 1827 474 1891 de
490 1825 619 1910 Gysill’.
664 1827 710 1891 llt
722 1827 798 1893 ideo
810 1827 1060 1892 consideratum
1071 1832 1124 1893 est
1138 1828 1228 1912 qnod
1242 1827 1404 1912 praedicta

257 1911 429 1978 Oristiana
451 1913 532 1978 inde
553 1913 626 1979 sinc
648 1913 713 1979 die.
758 1914 803 1978 111
827 1914 932 2001 Hugo
953 1915 985 1982 le
1001 1915 1081 1981 Soot
1095 1914 1202 1980 nichil
1217 1914 1330 2000 capiat
1344 1935 1406 2001 per

256 1998 409 2084 juratam
423 2001 538 2081 istam,
555 2003 608 2067 set
622 1999 667 2065 sit
681 2001 718 2065 in
734 2001 809 2066 mis'
824 2023 885 2086 pro
900 2001 989 2067 falso
1005 2001 1161 2084 clamore,
1177 2006 1241 2070 eto.

321 2129 344 2195 J
345 2130 495 2196 ohannes
511 2129 552 2194 de
568 2129 771 2216 Hertwyton
785 2151 847 2216 pro
862 2129 1016 2216 pluribus
1030 2129 1170 2197 defaltis
1185 2131 1223 2195 in
1238 2131 1325 2197 mis'.

322 2267 419 2332 Idem
428 2266 602 2332 lohannes
612 2267 837 2333 summonitus
845 2267 1245 2355 initadrepondendum
1254 2269 1407 2337 Gilberto

257 2352 299 2420 de
313 2355 490 2422 Unfrcvile
504 2355 547 2423 de
561 2354 687 2440 placito
703 2356 792 2439 quod
807 2356 927 2420 reddat
937 2355 1102 2421 Thomam
1114 2357 1156 2422 de
1168 2356 1403 2459 Hertwayton,

258 2446 628 2614 1111111111ηὲ
643 2441 835 2595 cliiii&
851 2441 1084 2614 1111116ᾶὲ0
1098 2443 1405 2616 {illicitet

257 2616 403 2767 Thlomas
419 2618 461 2683 de
476 2617 623 2704 Fenwyk
643 2621 770 2681 terram
793 2637 890 2682 suam
912 2616 954 2684 de
969 2638 1009 2684 eo
1023 2617 1137 2683 tenuit
1152 2639 1212 2704 per
1227 2619 1405 2685 servitium

258 2705 306 2768 mi
319 2703 417 2785 itare,
433 2709 498 2771 eto.

323 2793 369 2856 111
394 2791 570 2857 lohannes
596 2789 691 2857 venit
717 2794 752 2857 61
781 2790 977 2857 concordati
1007 2796 1098 2858 sunt.
1154 2792 1201 2858 Et
1229 2793 1404 2858 Johannes

258 2879 318 2944 dat
344 2879 571 2964 quadraginta
594 2879 619 2942 r'
646 2899 707 2963 pro
735 2877 875 2944 licentia
902 2879 1138 2959 concordandi,
1165 2900 1226 2966 per
1254 2879 1405 2965 plegium

256 2966 424 3032 Johannis
455 2966 496 3031 de
525 2965 784 3052 Woderington.
845 2965 892 3031 Et
918 2969 970 3032 est
996 2967 1175 3033 concordia
1204 2967 1284 3033 talis
1315 2967 1404 3052 quod

258 3053 438 3139 pradictus
465 3052 637 3120 Gilbertus
664 3052 830 3120 concessit
854 3052 1015 3137 praedicto
1042 3053 1192 3120 Johanni
1217 3055 1308 3139 quod
1333 3055 1405 3140 ipse

258 3141 383 3207 habeat
407 3141 653 3208 nutrimentum
681 3139 834 3226 praedicti
852 3139 989 3206 Thomae
1011 3141 1052 3208 de
1074 3142 1289 3222 Hertwaton‚
1313 3142 1405 3207 salvo

259 3229 324 3380 siti
346 3232 422 3313 jure
447 3229 608 3381 ilmffiae
633 3227 786 3313 praedicti
809 3228 945 3294 Thomae
970 3227 1054 3294 alias
1091 3250 1167 3294 oum
1204 3230 1283 3294 inde
1312 3229 1405 3314 loqui

258 3337 299 3381 ro
314 3316 449 3392 uerita
488 3365 496 3381 .

324 3438 516 3505 Alexander
529 3438 561 3502 le
577 3439 679 3504 Ferre
695 3438 735 3503 de
749 3437 966 3505 Threkelawe
977 3440 1013 3503 et
1027 3436 1154 3523 Agnes,
1169 3458 1255 3503 uxor
1270 3438 1354 3523 ejus,
1370 3441 1406 3502 et

260 3527 390 3608 limma,
416 3547 510 3591 soror
535 3524 687 3611 ejusdem
711 3525 869 3611 Agnetis,
885 3528 1010 3611 petunt
1024 3545 1140 3591 versus
1157 3524 1404 3610 Gwychardum

260 3615 302 3679 de
328 3612 548 3693 Thrikelawe‚
573 3634 681 3677 unum
715 3613 954 3696 mesuagium,
981 3612 1105 3697 viginti
1131 3616 1167 3677 et
1199 3613 1283 3676 duas
1311 3633 1405 3678 acras

258 3705 358 3766 terrae
372 3722 449 3766 cum
464 3699 680 3786 pertinentiis
694 3699 732 3763 in
746 3699 975 3785 Thyrkelawe,
992 3705 1032 3765 ut
1042 3701 1099 3786 jus
1113 3699 1264 3785 ipsorum
1278 3699 1406 3764 amma

260 3793 296 3855 61
366 3787 455 3852 netis
482 3792 545 3852 etc.

310 3787 371 3939 AEgi
394 3836 623 3960 Guiohardns
645 3873 740 3937 venit
762 3875 797 3940 61
819 3873 907 3958 petit
924 3873 1004 3939 inde
1019 3874 1128 3939 risum
1142 3873 1278 3940 habeat.
1324 3873 1405 3938 Dies

260 3963 361 4028 datus
376 3965 429 4029 est
444 3961 491 4026 eis
510 3960 600 4045 apud
618 3960 807 4025 Eboracum
830 3960 867 4024 in
890 3960 1030 4027 Octabis
1057 3961 1190 4027 Sancta
1213 3960 1405 4026 Trinitatis.

261 4050 306 4114 Et
322 4049 469 4128 interim,
485 4051 550 4114 616.
595 4048 641 4112 Et
663 4047 893 4132 Gwychardas
909 4049 1008 4133 ponit
1027 4049 1101 4115 loco
1118 4071 1178 4115 suo
1192 4048 1404 4113 Willelmum

262 4139 302 4202 dc
330 4136 492 4221 Homeby
515 4135 568 4202 vel
592 4133 775 4200 Ricardum
797 4135 942 4216 Batalie‚
968 4139 1032 4202 616.
1077 4137 1123 4202 Et
1148 4135 1351 4216 Alexander,
1372 4139 1407 4200 et

261 4225 389 4311 Agnes,
405 4226 440 4288 et
455 4224 586 4305 limma,
601 4225 733 4308 ponunt
748 4223 821 4289 1666
837 4244 898 4288 suo
913 4223 1078 4288 Thomam
1093 4223 1135 4290 de
1151 4222 1311 4304 Salchild
1327 4225 1392 4289 616.

327 4364 458 4444 Emma,
483 4383 556 4447 quae
579 4360 650 4427 fuit
673 4381 758 4427 uxor
782 4361 941 4427 Nicholai
965 4363 1006 4429 de
1032 4361 1164 4443 Uluan,
1188 4361 1278 4447 petit
1291 4379 1407 4427 versus

262 4453 441 4537 Paganum
466 4450 508 4514 de
535 4450 698 4536 Morpath
723 4447 940 4515 medietatem
965 4448 1067 4515 unius
1092 4447 1175 4514 tofti
1201 4469 1278 4515 cum
1302 4447 1409 4534 perti·

263 4537 391 4606 nentiis
406 4537 442 4601 in
458 4536 628 4622 Morpath‚
644 4541 684 4603 ut
698 4536 756 4622 jus
772 4559 881 4619 suum,
897 4540 962 4604 etc.
1006 4537 1053 4602 Et
1074 4535 1234 4623 Paganus
1257 4534 1351 4602 venit
1373 4537 1409 4601 et
