3272 5092
276 493 341 558 242
451 513 564 558 asnaa
587 513 686 574 noun,
709 513 1047 574 nonunmunnaun,
1073 489 1092 558 7
1115 512 1203 558 unu.
1226 512 1251 558 1.

273 667 325 734 eui
341 667 383 734 de
407 667 638 753 prosequendo
664 668 701 732 in
716 667 805 748 mis’,
822 667 960 748 scilieet,
976 667 1130 754 Rogarus
1155 666 1196 733 de
1220 664 1375 732 Boddille
1389 667 1425 730 εὴ

272 755 420 821 Thomas
434 753 525 820 filius
542 754 678 822 Ricardi
694 755 737 820 de
751 753 952 835 Bodenhal',
967 757 1033 822 etc.

337 910 503 976 Ricardus
530 910 619 975 filius
640 909 804 974 Willelmi
826 909 867 976 de
889 909 1045 995 Wyden',
1067 909 1126 994 qui
1149 909 1232 976 tulit
1257 909 1357 974 breve
1383 907 1425 974 de

272 999 430 1082 ingressu
444 1019 560 1064 versus
575 997 767 1062 Galiridum
783 997 826 1063 de
841 997 966 1082 Upsale
983 997 1023 1064 de
1039 1019 1107 1064 uuo
1120 1017 1297 1083 messuago
1313 995 1419 1080 [eum]

272 1085 488 1171 pertinentiis
511 1084 549 1149 in
571 1084 739 1170 Heyden’‚
762 1086 856 1149 venit
880 1087 916 1150 εὴ
939 1085 1082 1150 retraxit
1099 1105 1146 1149 ee.
1191 1083 1273 1150 Ideo
1293 1083 1366 1168 ipse
1390 1086 1425 1148 el

272 1172 378 1258 plegii
401 1172 453 1236 sui
476 1172 518 1237 de
541 1172 773 1256 prosequendo
791 1172 827 1236 iu
850 1171 936 1253 mid,
954 1170 1093 1254 scilieet,
1110 1171 1214 1257 Hugo
1236 1171 1278 1236 de
1300 1169 1425 1237 Alden-

271 1258 420 1326 esehelee
435 1262 471 1325 et
485 1259 508 1324 J
508 1259 660 1325 ohannes
677 1259 732 1325 del
748 1259 950 1345 Redepeih’,
966 1262 1031 1325 eta.

337 1413 507 1481 Hemicus
531 1413 573 1477 de
601 1411 727 1478 Sancto
753 1411 872 1495 Paulo,
887 1412 947 1496 qui
970 1411 1053 1478 tulit
1075 1412 1175 1479 breve
1201 1413 1243 1477 de
1268 1413 1303 1477 in
1348 1433 1425 1478 essu

271 1521 386 1566 versus
416 1500 633 1579 Oristianam,
660 1521 734 1584 quae
762 1499 832 1565 fuit
855 1520 939 1564 uxor
975 1499 1148 1585 Radulphi
1184 1499 1246 1564 filii
1319 1497 1424 1566 enrici

272 1587 394 1668 Grene,
407 1587 449 1654 de
465 1587 595 1652 duabus
613 1586 769 1672 partibus
784 1587 886 1652 unius
901 1586 991 1651 rodae
1005 1589 1104 1654 ierrae
1120 1608 1195 1652 eum
1210 1586 1426 1674 pertinentiis

271 1675 308 1740 in
323 1674 519 1753 Bedenhal'‚
535 1675 629 1738 venit
645 1679 681 1739 et
702 1674 847 1740 reiraxit
862 1695 908 1740 ee.
954 1673 1037 1738 Ideo
1052 1673 1125 1759 ipse
1140 1678 1175 1739 et
1190 1675 1296 1760 plegii
1312 1673 1366 1740 sui
1382 1674 1424 1739 de

270 1763 503 1848 prosequendo
515 1763 551 1825 in
564 1761 650 1842 mis’,
663 1761 803 1839 seilicet,
816 1762 970 1847 Rogerus
982 1761 1024 1828 de
1039 1761 1214 1826 Bedenhal
1229 1767 1265 1827 el
1276 1761 1423 1826 Thomas

270 1850 361 1915 filins
376 1849 516 1915 Ricardi
532 1850 573 1914 de
588 1848 750 1928 Bedenh’‚
768 1853 832 1915 ete.

336 2011 440 2096 Hugo
457 2011 539 2076 Seoi
554 2011 595 2077 de
616 2010 792 2096 Nessebylr
808 2013 844 2075 et
859 2010 1043 2096 Margana,
1060 2031 1146 2077 uxor
1160 2009 1247 2095 ejus,
1264 2010 1322 2094 qui
1338 2008 1425 2074 lule-

270 2103 353 2164 runl
367 2098 468 2164 breve
481 2099 522 2162 de
533 2098 613 2164 dote
627 2097 736 2182 ipsius
748 2097 927 2182 Margariae
939 2097 975 2161 in
987 2098 1163 2183 Nessebyk
1172 2118 1287 2163 versus
1303 2097 1423 2182 Hugo-

271 2207 348 2252 nem
372 2185 479 2250 filium
502 2185 675 2269 Radulphi
691 2189 726 2249 εὴ
742 2185 950 2250 Willelmum
966 2185 1007 2250 de
1030 2185 1163 2250 Rodum
1180 2188 1216 2249 et
1232 2183 1423 2263 Matildam,

270 2293 409 2339 uxorem
422 2273 508 2358 ejus,
523 2277 692 2338 venerunt
706 2276 741 2337 ei
764 2277 981 2337 retraxerunt
996 2293 1042 2337 se.
1088 2274 1170 2338 Ideo
1184 2272 1251 2357 ipsi
1267 2275 1303 2336 ei
1318 2271 1423 2357 plegii

271 2361 323 2426 sui
340 2361 380 2426 de
395 2361 627 2445 prosequendo
641 2359 678 2422 iu
693 2360 781 2440 mis’,
798 2360 939 2440 seilicet,
956 2359 1131 2426 lohannes
1147 2361 1189 2425 de
1208 2358 1423 2424 Branlrestou

270 2453 305 2514 et
316 2447 509 2513 Willelmus
525 2447 567 2512 de
581 2446 743 2532 Nesebyt‚
760 2451 823 2512 eto.

333 2613 454 2680 Petrus
464 2611 506 2676 de
516 2610 743 2696 Prendeswylr
758 2614 793 2678 ei
808 2609 931 2690 Almia,
943 2630 1029 2675 uxor
1046 2609 1133 2695 ejus,
1149 2610 1234 2675 dani
1248 2607 1423 2674 dimidiam

270 2700 314 2764 m'
344 2722 406 2785 pro
429 2698 570 2765 lieentia
599 2697 827 2764 concordandi
855 2718 931 2762 eum
961 2697 1091 2762 Thema
1120 2697 1152 2762 le
1181 2697 1363 2762 Faukuner
1385 2696 1425 2760 de

268 2787 395 2872 placito
425 2785 672 2866 conventionis,
702 2807 763 2870 per
798 2784 949 2870 plegium
986 2784 1140 2870 praedicti
1171 2784 1318 2848 Thomae.
1379 2784 1424 2847 Et

269 2875 420 2940 habeant
435 2873 692 2959 cyrographum.

334 3029 453 3093 Assisa
468 3027 561 3091 venii
576 3026 794 3112 recognitum
809 3027 838 3090 si
858 3026 881 3090 J
882 3026 1034 3091 ohannes
1051 3026 1092 3092 de
1108 3025 1224 3106 Herle,
1248 3029 1345 3110 pater
1360 3023 1422 3088 filii

269 3117 292 3182 J
294 3115 439 3181 ohannis
456 3115 496 3179 de
515 3113 631 3194 Herle,
647 3113 717 3176 fuit
732 3114 878 3198 aeysitus
898 3114 935 3177 iu
950 3113 1119 3178 dominico
1135 3134 1196 3178 suo
1212 3117 1252 3177 ui
1266 3113 1308 3177 de
1325 3112 1425 3178 feodo

269 3205 311 3269 de
326 3206 473 3287 quatuor
487 3200 683 3285 mesuagiie,
694 3205 815 3284 quater
829 3200 954 3285 viginti
970 3200 1057 3266 acris
1072 3205 1181 3282 ierrae,
1194 3205 1228 3267 el
1244 3204 1321 3264 ueto
1337 3201 1424 3265 aeris

270 3291 360 3377 prati
372 3311 447 3356 cum
460 3287 678 3372 pertinentiis
688 3287 724 3350 in
740 3287 1091 3372 Westwerplington’,
1105 3287 1160 3352 die
1177 3308 1253 3372 quo,
1269 3290 1334 3351 ele.
1379 3287 1425 3350 El

270 3378 310 3458 si,
327 3380 412 3456 eie.;
436 3397 510 3460 quae
526 3375 630 3459 Hugo
646 3375 688 3439 de
702 3374 1038 3460 Westwerplington’
1055 3378 1170 3455 lenem
1195 3375 1253 3458 qui
1274 3374 1368 3440 venit
1389 3377 1425 3440 et

270 3465 459 3549 dicitquod
475 3464 548 3548 ipse
569 3465 649 3547 poet
665 3467 809 3528 moriem
824 3462 931 3545 ipsius
952 3461 975 3525 J
977 3461 1121 3527 ohannis
1137 3461 1178 3528 de
1193 3462 1288 3546 eujus
1305 3465 1423 3542 morie,

270 3561 345 3632 ela,
363 3550 499 3636 seysivit
521 3549 594 3633 ipse
609 3549 773 3634 praedicta
796 3552 992 3614 benemerita
1011 3549 1049 3612 in
1074 3570 1214 3613 manum
1235 3569 1331 3612 suam
1346 3554 1423 3613 tan-
1474 3595 1479 3608 .

269 3661 371 3725 quam
399 3636 555 3722 capitalis
580 3636 749 3701 dominus.
808 3636 854 3700 Et
876 3636 960 3701 dicit
986 3636 1076 3720 quod
1103 3635 1210 3720 nichil
1237 3635 1362 3701 elamat
1387 3635 1423 3700 in

269 3727 406 3792 eisdem.
461 3725 507 3788 nt
535 3744 595 3808 per
624 3722 799 3787 licentiam
828 3723 859 3787 ei
888 3723 1001 3788 reddit
1027 3723 1190 3808 praedieta
1218 3726 1423 3788 tenementa.

268 3815 352 3880 Ideo
367 3812 494 3877 habeat
508 3810 588 3875 inde
604 3810 774 3895 eeysinam
790 3832 897 3891 suam,
915 3813 979 3876 eie.

334 3979 503 4044 Rubenius
519 3979 560 4043 de
574 3977 760 4042 Burnelon’
776 3977 877 4062 petiit
892 3978 929 4041 in
948 3978 1112 4043 comitatu
1131 3977 1349 4062 Radulphum
1373 3981 1424 4044 Ra

268 4071 309 4132 ul
324 4066 478 4131 nativum
494 4070 529 4130 ei
543 4063 729 4149 fugitivum
746 4085 854 4146 suum,
872 4087 949 4130 eum
965 4065 1121 4130 omnibus
1142 4065 1271 4130 catallis
1296 4066 1366 4132 suis
1389 4071 1425 4131 ei
1509 4145 1512 4153 Ι

269 4177 347 4221 oum
370 4157 446 4218 loia
470 4152 606 4237 sequela
632 4173 693 4216 sua
714 4152 927 4236 ubicumque,
951 4157 1026 4232 ela,
1054 4153 1105 4216 ita
1128 4154 1218 4236 quod
1243 4153 1424 4237 praedictus

269 4239 470 4325 Radulphue
496 4239 579 4304 tulit
603 4239 701 4304 breve
725 4239 947 4304 deliberante
971 4261 1032 4304 sua
1054 4240 1239 4324 probanda,
1260 4240 1311 4304 ita
1336 4241 1424 4324 quod

266 4327 401 4413 loquela
425 4327 538 4412 posita
563 4325 632 4391 fuit
657 4325 724 4391 hie.
780 4327 827 4390 Et
856 4327 1025 4393 Rubenius
1052 4326 1156 4406 venit,
1183 4332 1219 4392 et
1244 4328 1424 4412 praedictus

271 4415 471 4499 Radulphue
495 4436 564 4480 non
589 4413 684 4478 venit
709 4413 903 4479 liberiaiem
928 4435 1024 4478 suam
1047 4414 1198 4498 probare.
1244 4414 1326 4480 Ideo
1352 4415 1423 4499 ipse

270 4509 306 4570 et
331 4502 436 4591 plegii
462 4503 515 4568 eui
539 4502 581 4568 de
603 4501 836 4588 prosequendo
860 4503 896 4566 in
919 4501 1005 4583 mis',
1029 4500 1167 4584 scilicet,
1193 4501 1359 4568 Ricardus
1383 4502 1424 4570 de
