3272 5092
390 533 504 580 assrar
526 535 623 596 noua,
647 533 985 594 nordmanniae,
1011 510 1028 577 7
1052 533 1139 579 now.
1162 534 1188 578 1.
1301 512 1363 579 267

217 686 261 750 ad
276 687 367 754 hunc
382 688 472 754 diem
489 689 532 754 ad
547 688 836 754 warantinandum
861 688 892 755 ei
917 686 1054 754 tertiam
1070 691 1202 772 partem
1217 687 1366 772 quinque

217 795 371 839 acrarum
387 779 485 841 terrae
500 779 535 841 ct
550 777 651 842 unius
674 777 763 841 rodae
783 797 857 841 oum
881 774 1098 860 pertinentiis
1120 775 1156 838 in
1183 775 1365 855 Birshavve,

219 882 320 945 quam
335 863 525 928 Willelmus
543 862 673 929 Scarlet
688 867 724 928 et
738 864 819 943 Eva,
836 883 922 927 uxor
936 863 1019 946 ejus,
1035 861 1185 926 clamant
1200 862 1235 925 in
1252 863 1366 928 dotem

218 946 325 1033 ipsius
340 950 419 1016 Eva
435 971 549 1015 versus
565 971 653 1015 eum.
697 951 745 1015 ut
760 951 849 1014 unde
864 950 954 1014 idem
977 949 999 1013 J
1001 950 1147 1013 ordanus
1162 956 1261 1014 vocat
1282 971 1367 1034 prae-

219 1035 349 1101 dictum
374 1037 562 1103 Robertum
588 1038 630 1102 ed
650 1040 855 1102 warrantum
880 1057 995 1103 versus
1021 1056 1087 1100 eos.
1136 1037 1180 1100 Et
1203 1036 1275 1120 ipse
1297 1059 1366 1102 non

220 1123 324 1204 venit,
340 1128 403 1189 etc.
449 1124 496 1188 ut
510 1123 594 1188 alias
610 1123 694 1190 iecit
709 1123 884 1203 defaltam,
901 1124 951 1188 ita
966 1124 1056 1207 quod
1078 1129 1281 1207 praeceptum
1298 1124 1368 1188 fuit

220 1210 409 1276 vicecomiti
425 1211 515 1298 quod
531 1217 664 1297 caperet
680 1212 721 1276 dc
736 1216 828 1275 terra
842 1210 994 1296 praedicti
1020 1210 1161 1276 Roberti
1177 1210 1214 1273 in
1230 1233 1368 1275 uranum

221 1297 351 1362 domini
374 1299 480 1383 Regis
507 1299 550 1364 ad
574 1298 769 1378 valentiam,
793 1302 828 1363 et
854 1298 943 1382 quod
968 1297 1068 1377 diem,
1100 1303 1177 1376 eta,
1210 1301 1245 1361 et
1276 1299 1365 1382 quod

220 1385 444 1451 summoniret
459 1407 536 1450 eum
552 1387 641 1470 quod
657 1392 746 1450 esset
761 1386 817 1451 hio
832 1385 875 1449 ad
891 1386 981 1449 huuc
991 1385 1091 1448 diem.
1124 1385 1169 1448 ut
1186 1384 1368 1450 vicecomes

223 1471 310 1535 nihil
324 1472 403 1538 inde
418 1472 503 1537 iecit
517 1494 579 1537 nec
594 1474 692 1538 breve
707 1473 812 1537 misit.
851 1471 933 1537 Ideo
949 1471 1038 1536 sicut
1052 1473 1147 1555 prius
1163 1478 1368 1558 praceptum
1463 1491 1468 1500 ·

221 1559 291 1622 fuit
321 1559 511 1624 vicecomiti
541 1561 630 1645 quod
655 1561 768 1645 capiat
802 1560 844 1624 de
873 1564 965 1625 terra
988 1557 1139 1644 praedicti
1167 1559 1308 1624 Roberti
1332 1561 1368 1624 in

224 1667 361 1710 manum
385 1646 514 1711 domini
536 1647 641 1732 Regis
664 1648 708 1711 ad
735 1646 928 1725 valentiam,
950 1650 1025 1726 eta,
1050 1650 1085 1711 et
1109 1645 1209 1725 diem,
1235 1649 1310 1726 etc,
1333 1652 1368 1712 et

222 1733 295 1817 ipse
311 1733 560 1798 summouiatur
585 1734 674 1817 quod
698 1734 744 1798 sit
769 1734 860 1819 apud
874 1732 1063 1818 Appelbya
1091 1732 1146 1796 die
1173 1733 1311 1798 Pascha
1333 1734 1367 1798 in

221 1841 328 1884 unum
345 1841 505 1886 mensem.
540 1822 586 1885 Et
602 1822 783 1886 vicecomes
800 1821 845 1885 sit
860 1819 1066 1884 audiendum
1081 1819 1247 1904 judicium
1261 1841 1369 1886 suum.

222 1906 319 1971 Idem
335 1907 407 1971 dies
422 1908 523 1972 datus
539 1913 591 1972 est
606 1908 775 1993 praedictis
792 1907 963 1973 Willelmo
979 1911 1013 1973 et
1040 1907 1128 1985 livre,
1144 1929 1205 1991 per
1219 1911 1371 1972 attorna

222 1995 297 2057 tum
313 2016 412 2058 suum
427 1995 464 2058 in
478 1995 604 2075 Banco,
621 2000 683 2061 eto.

288 2129 602 2198 Oumbr’.--Frater
630 2132 652 2196 J
654 2132 805 2197 ohannes
841 2132 883 2195 de
914 2131 1106 2216 Pykering'‚
1140 2131 1306 2196 Robertus
1339 2132 1372 2195 le

224 2218 421 2299 Brevvester,
437 2219 559 2283 Petrus
576 2218 768 2303 Wydefare‚
786 2224 820 2282 et
836 2217 1009 2284 Gilbertus
1032 2217 1063 2282 le
1086 2219 1160 2303 Irys
1176 2218 1374 2304 optulerunt

225 2326 260 2369 sc
289 2304 368 2390 iiiii>
393 2306 447 2369 die
474 2326 588 2370 versus
613 2305 831 2390 Radulphum
862 2305 902 2371 de
932 2306 1078 2370 Bethum
1109 2311 1145 2370 et
1175 2306 1372 2386 Robertum,

224 2391 366 2457 fratrem
382 2394 464 2476 ejus,
480 2392 591 2458 Adam
606 2393 647 2458 de
659 2392 802 2476 Cornay,
814 2392 921 2456 Adam
940 2393 982 2456 de
997 2392 1177 2479 Ourteney,
1190 2393 1373 2458 Ricardum

226 2478 419 2559 Birlrerche,
432 2479 619 2545 Robertum
631 2481 839 2559 Maderman,
851 2479 1044 2564 Hugonem,
1058 2500 1218 2564 generum
1231 2480 1374 2545 Walteri

226 2565 289 2628 filii
305 2565 431 2646 Ivonis‚
447 2573 483 2632 et
499 2569 667 2651 Rogermn
684 2566 860 2631 Bulreman
886 2567 926 2630 de
950 2567 1076 2651 placito
1099 2588 1202 2650 quare
1219 2589 1326 2652 nuper
1340 2567 1374 2631 vi

227 2656 263 2717 et
298 2653 400 2718 armis
431 2654 521 2738 apud
558 2653 737 2718 Rucholm’
768 2653 932 2717 insultum
971 2653 1006 2716 in
1044 2653 1134 2737 ipsos
1171 2654 1375 2734 Johannem,

227 2740 425 2820 Robertum,
441 2741 592 2819 Petrum,
608 2745 644 2805 et
670 2741 861 2806 Gilbertum
883 2740 1041 2806 fecerunt
1056 2747 1090 2804 et
1110 2761 1167 2805 eos
1183 2743 1376 2806 verberave-

227 2827 597 2905 runt,·vulneraverunt
612 2833 647 2892 et
672 2827 995 2894 maletmctaverunt
1018 2831 1053 2891 et
1075 2827 1142 2891 alia
1157 2830 1310 2893 enormia
1325 2829 1374 2893 eis

228 2912 354 2979 ibidem
385 2914 585 2994 intulerunt,
611 2916 653 2980 ad
680 2937 781 3000 grave
806 2915 990 2999 dampnum
1021 2913 1169 2999 ipsorum
1195 2915 1376 2996 Johannis,

229 3000 383 3081 Roberti,
407 3001 513 3081 Petri,
536 3006 571 3066 et
591 3001 749 3082 Gilberti,
773 3006 809 3067 et
831 3007 950 3066 contra
975 3022 1103 3085 pacem,
1130 3007 1194 3067 ete.
1239 3003 1284 3068 ut
1311 3003 1376 3088 ipsi

229 3109 298 3152 non
322 3088 473 3154 veniunt.
519 3091 564 3154 Et
589 3092 790 3175 pracceptum
816 3088 887 3153 fuit
911 3089 1099 3153 vicecomiti
1124 3090 1213 3172 quod
1240 3091 1378 3154 distrin-

231 3180 326 3260 geret
349 3176 527 3261 praedictos
545 3175 752 3241 Willelmum
776 3175 884 3239 filium
909 3175 1082 3260 Radulphi
1107 3177 1148 3241 de
1172 3177 1319 3242 Bethum
1343 3183 1378 3242 et

231 3261 429 3340 Robertum,
467 3263 609 3328 fratrem
646 3265 729 3347 ejus,
761 3268 836 3342 etc,
868 3264 903 3326 et
932 3263 1021 3346 quod
1049 3263 1090 3329 de
1120 3263 1278 3345 exitibua
1301 3270 1377 3344 etc,

232 3349 263 3414 ei
298 3350 387 3434 quod
428 3351 568 3415 haberet
605 3371 744 3436 corpora
781 3370 896 3414 eorum
933 3349 988 3414 hic
1017 3350 1062 3414 ad
1090 3351 1181 3415 hunc
1211 3351 1311 3431 diem,
1344 3356 1380 3416 et

232 3435 391 3501 similiter
425 3437 515 3522 quod
552 3444 687 3522 caperet
716 3437 892 3522 praedictos
929 3437 1050 3517 Adam,
1083 3437 1279 3519 Ricardum,
1309 3439 1377 3503 Ro-

230 3525 366 3588 bertum
405 3524 615 3605 Maderman‚
654 3524 848 3610 Hugonem‚
885 3524 1086 3603 walterum,
1124 3529 1160 3591 et
1197 3525 1379 3609 Rogerum,

232 3615 308 3690 etc,
334 3610 363 3675 si
395 3611 536 3692 inventi,
569 3617 645 3687 etc,
676 3614 712 3675 et
738 3610 840 3711 salvo,
868 3614 943 3691 etc,
969 3615 1010 3711 et·
1030 3611 1119 3696 quod
1146 3612 1286 3713 haberet
1309 3633 1378 3677 cor·

232 3719 329 3850 {goliz-
343 3719 458 3850 Ἓξ
474 3698 604 3851 sidirtad
611 3697 1000 3870 ririlsncprssdenptumssgstv
1002 3698 1297 3870 lviiiirdffniitinrlliidld
1302 3699 1381 3851 1328

235 3871 367 3956 tringat
382 3873 581 3957 praedictum
636 3870 844 3939 illelmumet
854 3872 1040 3937 Robertum
1056 3894 1116 3956 per
1129 3893 1246 3938 omnes
1261 3877 1380 3952 terras,

235 3963 312 4038 eta,
329 3964 364 4023 et
379 3960 468 4043 quod
484 3961 525 4024 de
541 3958 697 4039 exitibus,
714 3966 790 4037 etc,
807 3964 842 4022 et
857 3959 944 4042 quod
971 3959 1096 4024 habeat
1111 3980 1252 4043 corpora
1266 3981 1380 4025 comm

236 4045 326 4130 apud
341 4046 497 4132 Appelby
512 4045 548 4132 iu
564 4044 740 4111 Comitatu
756 4045 1047 4110 Westmerlandiae
1070 4069 1090 4110 a
1112 4046 1166 4110 die
1192 4046 1330 4112 Paschae
1345 4049 1381 4111 in

236 4155 342 4196 unum
358 4155 517 4214 mensem,
535 4136 571 4198 et
597 4131 754 4196 similiter
777 4133 867 4216 quod
891 4133 1003 4217 capiat
1030 4133 1206 4217 praedictos
1222 4135 1332 4198 Adam
1347 4140 1383 4197 et

236 4220 331 4300 aiios,
348 4221 378 4284 si
397 4221 539 4300 inventi,
555 4225 629 4300 etc,
646 4224 681 4284 et
707 4218 810 4299 salvo,
826 4224 902 4300 eta,
919 4223 954 4284 et
979 4220 1068 4303 quod
1093 4221 1218 4285 hebeat
1245 4241 1384 4306 corpora

236 4326 353 4458 copam
377 4309 420 4372 ad
434 4307 615 4393 praefatum
629 4305 823 4372 terminum.
858 4307 904 4371 Et
919 4307 1101 4374 vicecomes
1117 4307 1163 4372 sit
1177 4307 1383 4372 audiendum

235 4392 276 4479 ju
300 4393 414 4475 icium,
430 4398 494 4461 etc.

302 4513 415 4595 Ebor’,
430 4513 799 4582 Oumb'.-Willelmus
825 4514 867 4581 de
890 4513 1081 4581 Ohaumbre
1106 4514 1147 4579 de
1173 4513 1384 4581 Hedersford
