3264 5110
285 449 349 516 366
459 469 573 518 nssrzn
596 469 695 534 nona,
718 470 1056 536 noarnmnnmrn,
1082 450 1100 519 7
1123 473 1211 520 nnn.
1234 473 1260 520 1.

287 625 451 712 Stanhop,
467 626 722 710 cementa-rium,
738 631 774 694 ot
788 627 971 713 Hugonom
994 628 1036 696 de
1051 627 1204 695 Linooln'
1220 627 1262 695 de
1281 626 1433 694 verbera-

284 715 363 778 tura
377 711 472 779 facta
487 714 622 780 cuidam
636 715 783 795 Thomas,
800 714 902 780 fratri
926 736 998 797 suo,
1023 718 1058 781 st
1072 736 1155 802 pace
1178 715 1309 781 domini
1330 715 1433 801 Regis

286 801 407 866 fracta.
453 802 500 866 Et
515 802 626 868 Alicia
641 803 741 869 modo
755 803 860 869 venit.
906 804 952 867 Et
968 803 1137 870 Henricus
1157 808 1192 868 et
1206 802 1266 868 alii
1280 804 1434 868 veniunt.

285 887 331 951 Et
347 889 427 972 quia
441 889 604 974 praedicta
619 889 729 955 Alicia
748 912 816 956 non
839 895 953 976 potest
976 891 1099 956 habere
1125 891 1294 956 actionem
1318 911 1434 955 versus

284 995 341 1040 eos
357 976 489 1041 desicut
503 976 593 1042 idem
608 977 754 1044 Thomas
770 981 823 1043 est
837 977 873 1041 in
883 976 983 1062 plena
995 978 1079 1059 vita,
1094 978 1170 1043 ideo
1185 977 1433 1044 consideratum

284 1066 338 1127 est
352 1064 443 1148 quod
457 1062 531 1149 ipsa
546 1065 779 1130 committatur
796 1064 915 1150 gaiolae
924 1086 985 1151 pro
1000 1065 1088 1130 falso
1103 1064 1245 1151 appello.
1277 1065 1323 1130 Et
1337 1065 1434 1130 Hen-

284 1149 374 1216 ricus
389 1153 426 1215 et
440 1150 500 1215 alii
515 1152 625 1237 quoad
640 1152 809 1238 appellum
825 1152 919 1217 istud
933 1153 1012 1219 inde
1023 1152 1142 1237 quieti.

349 1289 521 1356 Henricus
550 1290 644 1376 Paga
673 1289 714 1357 de
743 1289 840 1356 Novo
870 1290 991 1356 Castro
1021 1289 1170 1375 appellat
1198 1289 1236 1352 in
1265 1289 1433 1354 comitatu

284 1376 307 1442 J
308 1377 478 1442 ohannem
493 1377 583 1442 Kide
598 1377 640 1444 de
655 1376 778 1462 plagis,
793 1377 1020 1458 verberatum,
1036 1385 1073 1442 et
1086 1397 1169 1462 pace
1184 1376 1313 1441 domini
1327 1377 1432 1462 Regis

283 1465 406 1544 tracta,
423 1467 488 1530 etc.
532 1465 580 1529 Et
603 1464 773 1530 chricus
796 1485 863 1530 non
887 1463 992 1545 venit,
1017 1464 1094 1530 idco
1119 1463 1192 1549 ipso
1212 1463 1375 1550 capiatur,
1396 1466 1435 1528 et

283 1551 389 1638 plegii
415 1551 469 1616 sui
493 1552 536 1618 de
583 1551 792 1636 rosaquendo
816 1553 852 1616 in
880 1552 966 1632 mis',
994 1551 1133 1631 scilicet,
1160 1551 1370 1637 Reginaldus
1399 1549 1432 1615 le

284 1639 435 1704 Pesohur
450 1643 485 1704 et
501 1639 557 1702 W'
574 1639 693 1704 lelmus
707 1639 740 1704 le
754 1639 877 1703 Tollen.
908 1639 954 1702 Et
968 1638 990 1703 J
991 1639 1143 1705 ohannes
1154 1639 1244 1704 Kide
1259 1659 1329 1703 non
1338 1637 1433 1703 venit

283 1729 318 1792 et
333 1725 403 1791 fuit
424 1725 618 1792 atachiatua
640 1747 701 1812 per
724 1725 943 1811 Sampsoncm
968 1725 1001 1791 le
1015 1725 1169 1805 Kutelcr,
1186 1725 1262 1791 ideo
1283 1725 1320 1789 in
1342 1725 1431 1791 mia’.

282 1813 329 1877 nt
343 1813 513 1899 juratores
528 1813 647 1879 dicunt
663 1813 751 1898 quod
766 1834 834 1879 non
850 1817 931 1878 sunt
946 1813 1150 1879 concordati.

351 1951 544 2036 Stephanus
559 1951 650 2016 filius
664 1951 687 2016 J
688 1951 834 2018 ohannis
849 1950 891 2018 de
910 1950 1087 2030 Goseford,
1103 1954 1222 2036 captus
1246 1971 1307 2036 pro
1321 1953 1432 2017 morte

283 2038 426 2103 Roberti
441 2038 482 2104 dc
499 2038 625 2118 Sehall,
641 2039 735 2104 venit
751 2043 786 2105 et
806 2039 962 2104 defendit
975 2041 1099 2120 totum,
1116 2043 1151 2104 et
1165 2039 1264 2123 ponit
1279 2059 1315 2103 se
1331 2059 1432 2122 super

283 2126 428 2211 patriam
445 2125 487 2191 de
502 2127 590 2192 bono
605 2131 641 2191 et
655 2126 755 2192 malo.
800 2127 845 2192 nt
860 2127 1029 2212 juratores
1050 2125 1170 2191 dicunt
1187 2126 1276 2210 quod
1295 2127 1432 2191 nonest

283 2212 472 2297 culpabilis,
487 2213 563 2280 ideo
577 2213 650 2298 ipse
663 2213 743 2280 inde
758 2215 902 2297 quietus.

347 2334 518 2400 Robertus
534 2336 782 2420 Sautemareys,
798 2339 945 2401 rettatus
961 2335 1002 2400 da
1018 2337 1127 2399 morte
1143 2335 1163 2398 J
1165 2334 1262 2400 acobi
1283 2299 1450 2418 Lelinig,⁸

283 2421 471 2506 Flemmig’,
486 2423 631 2486 renitet
651 2422 735 2488 dicit
750 2422 839 2507 quod
855 2422 994 2489 clericus
1017 2425 1070 2488 cst
1085 2429 1120 2486 et
1136 2422 1224 2506 quod
1239 2441 1309 2485 non
1329 2420 1430 2487 debet

282 2509 339 2574 hic
354 2508 435 2573 inde
449 2509 661 2594 respondere.
707 2510 753 2573 nt
768 2531 869 2594 super
882 2510 948 2575 hoc
967 2516 1135 2576 venerunt
1150 2512 1260 2575 rector
1282 2507 1429 2573 ccclesiae

283 2597 326 2660 de
352 2595 574 2675 Gatesheved‚
601 2596 771 2681 Magister
791 2596 981 2682 Hospitalis
1005 2595 1124 2662 Sancti
1146 2595 1318 2660 lldmundi
1340 2593 1429 2659 (lon-

281 2683 432 2762 fessoris,
449 2683 616 2768 Magister
630 2683 821 2767 Hospitalis
838 2684 970 2750 Sanotae
992 2683 1110 2749 Mariae
1130 2683 1172 2748 de
1193 2682 1371 2767 Westgate
1386 2681 1429 2748 de

281 2768 378 2835 Novo
394 2768 525 2850 castro,
542 2773 577 2834 et
592 2771 737 2836 vicarius
758 2771 799 2836 de
814 2770 911 2835 Novo
931 2772 1051 2837 Castro
1067 2776 1102 2838 et
1122 2770 1296 2855 petierunt
1316 2770 1428 2855 ipsum

280 2861 445 2942 tanquam
470 2856 638 2937 clericum,
669 2862 722 2923 set
747 2861 787 2921 ut
813 2857 941 2923 sciatur
969 2858 1115 2943 qualiter
1138 2856 1187 2922 cis
1213 2856 1427 2937 deliberetur,

281 2945 475 3028 inquiratur
489 2943 538 3009 rei
553 2945 688 3009 veritas.
733 2945 780 3009 Et
793 2944 962 3030 juratores
986 2945 1104 3010 dicunt
1125 2966 1225 3029 super
1240 2964 1428 3009 sacramen-

280 3035 355 3096 tum
371 3032 459 3116 quod
468 3031 649 3116 praedictus
661 3032 829 3097 Robertns
840 3031 881 3097 de
893 3032 1128 3117 Sautemareys
1139 3052 1213 3096 cum
1226 3031 1429 3115 quibusdam

280 3118 430 3184 Roberto
443 3117 554 3198 Virili,
572 3117 709 3183 Simone
724 3118 765 3185 de
780 3119 908 3205 Ripun,
924 3126 960 3186 et
978 3118 1151 3184 Willelmo
1166 3118 1208 3182 de
1223 3117 1425 3198 Pinncland,

281 3205 508 3290 garcionibus,
524 3205 594 3270 suis
606 3205 857 3271 insultaverunt
865 3206 1064 3291 praedictum
1075 3205 1250 3272 Jacobum.
1287 3205 1426 3290 Etprae-

282 3293 394 3358 dictus
409 3293 578 3358 Robertus
593 3293 704 3374 Virili,
730 3293 858 3373 Simon,
881 3297 918 3358 et
944 3292 1134 3360 Willelmus
1157 3293 1270 3379 ipsum
1285 3313 1326 3359 ex
1340 3314 1426 3378 prae·

280 3384 378 3465 cepto
394 3385 429 3445 et
443 3380 479 3444 in
503 3380 684 3465 praesentia
698 3379 849 3465 pradicti
873 3380 1015 3447 Roberti
1042 3383 1279 3465 Sautemareys
1294 3381 1422 3446 verber-

280 3470 424 3532 averunt
438 3471 474 3531 ct
489 3467 610 3532 tibiam
626 3488 722 3532 suam
741 3467 931 3552 fregerunt,
945 3467 1035 3535 unde
1050 3488 1111 3553 per
1132 3473 1201 3533 tres
1218 3465 1425 3552 septimanas

279 3559 399 3640 postea
427 3555 524 3620 obiit.
569 3555 615 3620 Et
644 3554 797 3638 praedicti
822 3557 990 3639 juratores
1020 3555 1155 3639 quaesiti
1185 3554 1215 3619 si
1242 3553 1424 3640 praedictus

279 3641 449 3707 Robertus
480 3641 708 3708 Sautemareis
738 3641 895 3727 bigamus
928 3642 985 3722 sit,
1012 3645 1150 3708 necne?
1187 3641 1307 3707 dicunt
1336 3641 1426 3725 quod

278 3728 1425 3902 tttttttlltlltttt‘?lut’pltttltrttttttsst

279 3904 325 3968 Et
339 3902 550 3988 prohibitum
561 3906 614 3968 cst
628 3924 671 3968 nc
687 3903 801 3990 capiat
814 3904 1053 3989 purgationem
1074 3905 1110 3968 in
1132 3903 1200 3968 isto
1220 3923 1300 3968 casu
1316 3903 1423 3969 donec

277 3989 424 4077 speciale
438 3990 639 4055 mandatum
662 4013 683 4055 a
705 3991 841 4056 domino
858 3992 949 4075 Rege
973 3990 1052 4055 inde
1067 3991 1234 4056 habuerit.
1280 3991 1326 4054 nt
1343 3991 1423 4074 quia

278 4077 460 4164 pradictus
479 4078 645 4143 Robcrtus
661 4098 697 4142 se
713 4079 930 4145 subtraxerat
950 4100 1012 4165 pro
1028 4081 1136 4143 morte
1151 4077 1323 4163 praedicta,
1347 4076 1422 4144 ideo

278 4164 403 4232 catalla
426 4165 501 4251 ejus
536 4165 764 4230 confiscantur
795 4185 857 4249 pro
887 4167 983 4251 iuga,
1011 4164 1177 4245 videlicet,
1207 4165 1274 4250 xlvj
1287 4165 1311 4228 ε’
1343 4165 1366 4249 ij
1377 4165 1423 4245 cl',

276 4253 367 4318 unde
382 4252 471 4326 idem
486 4252 669 4318 vicecomes
685 4253 898 4339 respondeat.

339 4373 363 4438 J
364 4374 487 4440 acobus
504 4374 688 4459 Flcmeng,2
702 4373 757 4438 die
772 4371 895 4439 Martis
916 4371 1069 4458 proxima
1079 4373 1158 4438 ante
1169 4371 1296 4439 festum
1307 4370 1426 4437 Sancti

392 4494 400 4526 ¹
417 4495 547 4563 Probably
559 4494 604 4548 tho
615 4493 723 4548 Oounoil
734 4495 762 4547 ol
772 4493 861 4561 Lycus
869 4492 897 4545 in
910 4491 982 4550 1274.
1049 4490 1059 4523 ²
1077 4493 1123 4548 Soc
1134 4491 1229 4558 before,
1240 4507 1266 4562 p.
1277 4495 1335 4546 ³61.
