3272 5092
379 568 497 618 aaaron
519 567 618 630 noun,
642 567 980 629 nonmnnnmrn,
1006 547 1024 614 7
1048 568 1136 616 now.
1160 570 1184 616 1.
1297 548 1360 614 225

205 722 384 790 Juratores
407 723 527 790 dicunt
549 743 651 809 super
666 725 916 792 sacramentum
939 743 1039 790 suum
1061 723 1174 810 quoad
1193 722 1356 810 placeam

205 811 242 875 in
259 832 325 895 qua
340 810 408 876 sita
423 816 476 878 est
490 811 654 896 praedicta
668 811 807 896 capella,
820 812 909 896 quod
921 811 1102 896 pradictus
1117 813 1140 878 J
1141 813 1291 877 ohannes
1303 814 1358 878 est

205 898 285 963 inde
297 899 333 963 in
346 899 481 980 seisina,
493 903 529 965 et
545 900 768 986 curtelagium
784 903 820 964 et
835 899 1048 984 cymiterium
1059 900 1149 966 circa
1159 898 1354 985 praedictam

202 986 602 1139 gapssffilnduleffllnlt
631 986 1356 1138 lipaquoadresiduumqlicuntquoqpraedic·

204 1095 293 1244 qldlrd
309 1095 545 1226 idelrllltulsalnlros
553 1078 987 1227 ddddlhalrletoddiiddllednllenm
1004 1078 1356 1246 (ddlddiudldmalraelqdd

203 1247 346 1313 liberum
373 1249 564 1334 ingressum
588 1251 623 1313 et
650 1269 833 1333 egressum,
859 1250 1034 1332 tamquam
1057 1248 1285 1333 pertinentem
1310 1249 1354 1314 ad

203 1334 347 1401 liberum
369 1339 602 1402 tenementum
628 1357 726 1401 suum
753 1335 789 1398 in
814 1335 932 1401 eadem
958 1335 1049 1414 villa,
1076 1338 1173 1402 extra
1203 1335 1355 1402 clausum

202 1423 370 1506 praedictae
385 1443 580 1504 communae,
596 1423 656 1488 ubi
669 1424 850 1508 praedictus
864 1422 995 1488 Alanus
1010 1422 1095 1490 fecit
1109 1423 1221 1488 visum
1243 1445 1352 1506 suum,

201 1510 292 1574 unde
308 1510 430 1575 dicunt
439 1531 593 1596 expresse
604 1531 706 1597 super
714 1513 963 1576 sacramentum
975 1531 1085 1591 snum,
1098 1511 1187 1594 quod
1199 1511 1353 1596 predicti

202 1596 393 1683 Philippus,
425 1597 561 1678 Felicia,
591 1597 788 1678 Nicholaus,
819 1602 854 1662 et
893 1597 1059 1662 Ricardus
1097 1597 1236 1682 injuste,
1276 1603 1353 1680 ete,

202 1683 457 1749 dissaisiverunt
473 1685 671 1770 praedictum
685 1685 834 1749 Alanum
849 1683 891 1748 de
902 1684 1064 1769 praedicta
1073 1685 1354 1752 communainfra

202 1771 401 1856 praedictum
417 1772 579 1837 clausum.
631 1773 711 1838 Ideo
734 1772 982 1836 consideratum
999 1776 1052 1838 est
1067 1772 1157 1857 quod
1171 1772 1352 1857 praedictus

201 1859 332 1924 Alanus
343 1863 517 1945 recuperet
527 1858 686 1924 saisinam
697 1881 792 1924 snam
802 1860 844 1926 de
854 1879 1033 1924 communa
1042 1880 1103 1924 sua
1114 1860 1206 1924 infra
1215 1861 1353 1944 praedic·

202 1949 276 2010 tum
289 1949 452 2027 clausurn,
469 1969 528 2032 per
544 1947 651 2011 visum
667 1947 930 2032 recognitorum,
946 1951 980 2012 et
1003 1945 1192 2032 Philippus,
1216 1945 1352 2030 Felicia,

202 2032 668 2114 Nicholaus‚etRicardusin
680 2034 766 2099 mis'.
807 2035 853 2099 Et
865 2033 1022 2100 similiter
1033 2034 1284 2099 consideratum
1300 2038 1352 2100 est

202 2120 312 2205 quoad
324 2122 521 2206 praedictam
533 2121 971 2207 placeaminquaprmdicta
979 2121 1107 2206 capella
1117 2121 1185 2186 sita
1193 2122 1351 2206 estquod

200 2207 382 2293 praedictus
392 2209 523 2274 Alanus
534 2208 621 2272 nihil
634 2211 747 2294 capiat
758 2231 817 2295 per
825 2208 968 2274 assisam
979 2209 1091 2290 istam,
1105 2211 1157 2274 set
1167 2209 1213 2274 sit
1225 2208 1262 2273 in
1273 2208 1349 2274 mis'

201 2313 262 2381 pro
277 2295 366 2360 falso
382 2297 538 2376 clamore,
554 2298 617 2363 etc.

267 2382 426 2469 Dampna
440 2384 508 2470 jm'
523 2383 614 2449 unde
628 2383 793 2448 medietas
809 2384 918 2469 capta.

266 2504 458 2571 Willelmus
474 2505 516 2569 de
531 2503 673 2570 Halton'
688 2504 790 2590 petiit
804 2504 841 2568 in
856 2503 1032 2583 comitatu,
1044 2501 1228 2569 Ricardum
1243 2503 1348 2569 filium

202 2591 304 2658 Alani
319 2591 361 2656 de
376 2592 511 2657 Denum
522 2596 562 2657 ut
573 2593 726 2657 nativum
742 2595 778 2656 et
792 2590 977 2677 fugitivum
994 2612 1092 2655 suum
1107 2613 1183 2656 cum
1196 2591 1351 2659 omnibus

202 2678 334 2745 catallis
359 2679 429 2744 suis
455 2683 490 2743 et
517 2683 593 2744 tota
617 2678 751 2764 sequela
775 2699 836 2743 sna
855 2678 1068 2767 ubicumque,
1090 2681 1166 2758 etc,
1187 2678 1239 2744 ita
1262 2679 1352 2763 quod

201 2766 383 2852 praedictus
409 2765 575 2832 Ricardus
598 2766 681 2832 tulit
704 2768 802 2831 breve
829 2767 871 2831 de
896 2765 1054 2830 libertate
1081 2786 1142 2831 sua
1165 2766 1351 2851 probanda,

201 2876 261 2939 per
275 2854 365 2938 quod
379 2853 513 2937 loquela
527 2853 640 2938 posita
654 2853 724 2918 fuit
739 2853 805 2918 hic.
851 2854 897 2917 Et
908 2853 1006 2917 modo
1017 2856 1184 2917 venerunt
1199 2854 1351 2938 praedicti

202 2939 395 3006 Willelmus
419 2943 455 3005 et
476 2940 653 3020 Ricardus,
677 2943 712 3007 et
737 2940 917 3026 praedictus
940 2938 1105 3005 Ricardus
1131 2941 1290 3026 cognorit
1316 2962 1352 3007 se

202 3049 274 3094 esse
299 3027 463 3092 villanum
494 3027 646 3112 praedicti
671 3027 846 3093 Willelmi.
905 3027 988 3092 Ideo
1018 3025 1268 3093 consideratum
1298 3033 1350 3094 est

202 3115 292 3200 quod
306 3113 487 3200 praedictus
504 3115 695 3180 Willelmus
709 3118 885 3200 recuperet
899 3114 1297 3199 pradictumRicardum
1311 3118 1351 3179 ut

202 3202 366 3267 villanum
393 3222 492 3266 snum
519 3222 595 3267 eum
622 3202 777 3266 omnibus
804 3201 937 3267 catellis
961 3201 1031 3266 suis
1055 3205 1090 3267 et
1111 3204 1187 3266 tota
1216 3202 1352 3286 sequela

203 3309 274 3354 sna.
320 3290 367 3353 Et
387 3288 545 3354 similiter
564 3289 654 3356 idem
675 3288 840 3354 Ricardus
864 3288 1026 3353 liberetur
1046 3288 1077 3352 ei
1100 3288 1137 3352 in
1160 3287 1263 3369 curia,
1285 3294 1350 3354 etc.

202 3377 247 3441 Et
270 3376 451 3462 praedictus
475 3376 641 3442 Ricardus
657 3379 692 3441 et
716 3375 821 3462 plegii
837 3376 891 3440 sui
909 3374 951 3440 de
975 3375 1207 3460 prosequendo
1222 3376 1258 3439 in
1275 3376 1350 3441 mis'

201 3464 360 3548 quianon
370 3467 423 3528 est
432 3468 631 3548 prosecutus
643 3463 742 3528 breve
755 3484 854 3528 suum
866 3464 908 3528 de
919 3462 1078 3528 libertate
1091 3482 1152 3527 sna
1166 3463 1351 3548 probanda,

202 3551 342 3632 scilicet,
359 3551 529 3615 Rcbertus
545 3551 586 3615 de
599 3550 800 3616 Botelaund'
816 3556 851 3616 et
865 3552 888 3617 J
889 3550 1040 3615 ohannes
1056 3549 1097 3614 de
1113 3549 1228 3630 Herle,
1245 3553 1309 3617 etc.

265 3671 385 3736 Assisa
402 3671 496 3736 venit
515 3672 734 3756 recognitura
751 3671 781 3736 si
798 3672 952 3756 Rogerns
973 3671 1015 3737 de
1035 3669 1185 3755 Coyners
1210 3671 1349 3757 injuste,

201 3761 278 3838 ete„
310 3758 434 3824 levavit
463 3759 631 3843 quoddam
659 3757 828 3824 fossatum
857 3759 894 3822 in
923 3758 1002 3823 Hon
1033 3759 1077 3822 ad
1109 3762 1351 3824 nocumentum

200 3845 301 3912 liberi
322 3845 509 3913 tenementi
531 3845 657 3932 Rogeri
679 3847 828 3910 Mandat
851 3846 888 3910 in
911 3843 1147 3931 Escheyuettel
1174 3849 1253 3929 post
1278 3845 1348 3930 pri-

202 3954 303 4013 mam,
329 3937 393 3999 etc.
439 3934 485 3996 Et
514 3933 603 4000 unde
633 3932 717 3998 dicit
747 3932 939 4017 quodcum
968 3932 1041 4017 ipse
1069 3932 1190 4017 fugare
1221 3932 1350 3997 solebat

202 4020 316 4086 averia
338 4041 400 4084 sua
422 4041 442 4083 a
465 4021 565 4084 domo
590 4042 652 4085 sua
671 4020 707 4083 in
732 4019 895 4086 Eschette
919 4019 1046 4084 directe
1062 4039 1167 4103 usque
1191 4019 1235 4083 ad
1257 4019 1349 4100 Hou,

200 4111 354 4192 tempore
369 4111 498 4192 aperto,
514 4111 648 4192 oportet
663 4107 775 4192 ipsum
790 4107 889 4172 modo
903 4128 964 4192 per
977 4105 1181 4171 levationem
1198 4105 1349 4192 praedicti

200 4194 336 4274 fossati,
350 4193 512 4279 praediota
527 4195 639 4259 averia
654 4194 775 4280 fugare
789 4194 924 4280 longius
946 4214 1007 4278 per
1021 4193 1197 4258 dimidiam
1218 4193 1348 4259 leucam

201 4303 304 4366 quam
319 4281 412 4367 prius
435 4281 547 4347 facere
569 4282 753 4347 consuevit.
799 4282 845 4346 Et
864 4282 927 4348 hcc
946 4280 1034 4366 petit
1050 4281 1139 4364 quod
1159 4281 1350 4365 inquiratur

201 4391 262 4455 per
289 4369 440 4435 assisam.
486 4369 533 4434 Et
558 4369 713 4454 Rogerns
737 4368 778 4434 de
803 4368 951 4454 Ooyners
975 4367 1069 4432 venit
1095 4370 1131 4434 et
1155 4367 1239 4434 dicit
1261 4369 1352 4451 quod

235 4519 243 4552 ¹
261 4520 376 4573 Richard
396 4520 509 4586 Conyers
520 4521 630 4574 assessed
642 4521 668 4573 in
687 4522 765 4588 goods
776 4522 804 4574 in
815 4523 912 4577 Eschet
927 4523 968 4574 lor
980 4520 1090 4588 Subsidy
1102 4521 1129 4572 in
1147 4526 1181 4574 24
1200 4521 1310 4574 Edward
1328 4521 1352 4574 I.

203 4589 272 4657 (hay
285 4589 402 4656 Sutridy,
414 4589 570 4652 Hortense„
583 4591 680 4653 158-1).

1202 4675 1222 4731 Q
