3264 5110
399 519 513 566 assmn
534 519 632 583 rone,
655 520 995 585 roarnunnnnnaro,
1020 503 1038 568 7
1062 522 1151 568 now.
1174 522 1202 569 1.
1310 500 1374 566 343

220 671 243 736 J
244 671 661 826 udiciplmtinfortunium.
706 675 863 742 Precium
875 677 952 762 equi
968 676 1020 763 iiij
1033 677 1070 758 ε’,
1085 677 1176 744 unde
1190 677 1374 742 vicecomes

221 780 343 846 respon
367 781 432 826 ee.

286 916 460 986 Gilbertus
477 918 568 985 filius
588 918 714 985 Avicioe
745 919 915 986 subtraxit
945 940 982 987 se
1012 923 1049 988 et
1071 919 1310 987 malecreditur
1330 920 1373 986 de

220 1003 374 1090 pluribus
391 1006 591 1088 latrociniis,
607 1005 683 1072 ideo
707 1006 864 1093 exigatur
881 1011 916 1073 et
930 1007 1116 1094 utlagetur.
1153 1007 1287 1075 Oetalle
1298 1007 1374 1095 ejus

221 1091 278 1178 viij
289 1093 314 1156 ε’
330 1093 379 1179 iiij
392 1093 425 1158 d'
441 1094 500 1176 ot',
515 1094 605 1160 unde
620 1093 804 1161 vicecomes
819 1094 1032 1182 respondeat.

286 1247 339 1314 De
355 1248 473 1314 eodem
487 1247 682 1316 vicecomite
697 1249 739 1316 de
753 1254 888 1318 tesauro
902 1250 1041 1318 invento
1056 1249 1113 1317 vc’
1124 1251 1139 1336 j
1153 1249 1185 1314 d’
1200 1249 1260 1316 ob’.

287 1403 479 1470 Willelmus
516 1404 548 1470 le
579 1404 721 1487 Solater,
753 1406 908 1492 Rogerus
947 1405 1141 1486 Stedeman‚
1171 1403 1373 1490 Rannlphus

224 1491 439 1578 Sehapewey‚
465 1493 640 1559 Johannes
667 1497 702 1559 et
723 1493 881 1576 Thomas,
897 1493 960 1558 fflii
984 1493 1112 1560 domini
1138 1491 1309 1558 Johannis
1331 1490 1373 1558 de

223 1580 416 1659 Fornacres,
447 1579 629 1660 Patricius,
659 1581 807 1667 armiger
836 1581 919 1647 dicti
949 1581 1079 1646 domini
1105 1579 1284 1661 Johannis,
1307 1578 1374 1643 Ro-

222 1668 338 1733 bertus
354 1666 445 1732 filius
461 1666 625 1734 Willelmi
645 1669 686 1733 de
709 1667 853 1749 Molton‚
870 1668 1045 1735 iohannes
1061 1668 1103 1733 de
1121 1665 1373 1746 Hundmanebi,

224 1757 259 1819 et
274 1754 378 1840 Hugo
398 1754 429 1820 le
446 1754 609 1822 Scletiere
625 1755 856 1841 burgaverunt
871 1756 1009 1822 domum
1023 1754 1162 1820 Ricardi
1176 1753 1239 1818 filii
1256 1753 1374 1840 Sweyn

224 1841 265 1906 de
281 1841 397 1908 Heton
413 1845 448 1907 et
463 1842 581 1907 stetim
605 1842 700 1928 fugit
717 1843 785 1927 (sic)
803 1864 909 1929 usqne
935 1843 972 1907 in
999 1841 1192 1909 libertatem
1214 1840 1376 1926 Episcopi

223 1927 463 1994 Dunelmensis
493 1929 584 2014 apud
607 1929 815 2010 Fornacres,¹
841 1929 1166 2016 praeter.Rogerum
1192 1927 1375 1995 Stedemen

225 2015 283 2099 qni
312 2015 406 2102 fugit
435 2016 472 2080 in
499 2016 624 2097 scotie,
649 2023 685 2082 et
711 2016 995 2097 malecreduntur,
1018 2015 1094 2082 ideo
1128 2016 1309 2102 exigantur
1341 2018 1378 2080 et

223 2103 435 2189 utlagentur.
495 2103 628 2169 Catella
660 2104 811 2189 ejusdem
841 2103 1013 2190 Renulphi
1038 2103 1244 2190 Schepavvey
1269 2102 1320 2187 xvj
1332 2103 1377 2183 d',

223 2191 314 2258 unde
328 2190 511 2257 vicecomes
526 2192 741 2277 respondeat.

289 2361 481 2429 Willelmus
498 2362 588 2429 filius
603 2363 750 2429 Walteri
772 2363 814 2430 de
838 2363 978 2431 Aldebir
1001 2364 1115 2429 volens
1139 2363 1252 2450 jacere
1275 2362 1377 2428 bacu-

224 2450 295 2515 lum
311 2451 355 2515 ed
370 2450 508 2536 gallum,
526 2451 577 2516 ita
592 2451 680 2537 quod
695 2472 756 2538 per
777 2450 1006 2517 infortunium
1027 2451 1195 2538 percussit
1208 2452 1378 2534 quendem
1417 2517 1420 2530 ,

140 2617 143 2624 1
224 2558 369 2623 puerum
390 2538 426 2602 in
443 2537 566 2640 capite,
582 2538 633 2604 ita
647 2538 740 2623 quod
766 2538 864 2604 obiit.
918 2539 965 2602 nt
987 2537 1170 2625 praediotns
1186 2537 1378 2638 Willelmus

225 2646 294 2691 non
309 2624 549 2691 malcoredrtnr
562 2625 605 2691 de
620 2631 728 2691 morte
742 2625 914 2711 predicte,
931 2624 1008 2692 ideo
1022 2625 1139 2692 redeat
1154 2625 1184 2690 si
1202 2624 1356 2691 voluemt.
1474 2691 1483 2710 ,

292 2799 465 2864 iohannes
481 2799 523 2865 de
541 2799 724 2867 Dervente
747 2799 883 2865 furatus
908 2799 978 2864 fuit
1004 2798 1172 2884 quendam
1198 2798 1319 2864 bovem
1342 2798 1379 2862 in

226 2885 452 2973 Bellinghem.
497 2888 544 2952 Et
559 2889 678 2952 stetim
692 2885 787 2973 fugit
801 2892 837 2953 et
851 2886 1099 2968 malcoreditur,
1122 2885 1199 2952 ideo
1221 2885 1380 2971 exigetur

227 2976 263 3039 et
290 2974 476 3060 utlegetur.
535 2973 670 3040 Catella
699 2975 771 3060 ejus
802 2974 944 3041 dimidie
974 2974 1028 3055 m’,
1066 2973 1156 3038 unde
1192 2971 1377 3040 vicecomes

227 3061 440 3146 respondeat.

292 3227 466 3294 Johennes
491 3229 638 3314 Morgen
661 3227 830 3293 subtraxit
852 3247 888 3293 se
908 3228 944 3294 et
965 3223 1204 3293 melecreditur
1219 3226 1259 3291 de
1274 3222 1378 3310 pluri-

228 3315 291 3380 bus
307 3314 505 3396 latrociniis,
520 3315 597 3381 ideo
621 3315 777 3402 exigetur
791 3318 827 3381 et
843 3314 1029 3400 utlagetnr.
1076 3312 1210 3379 Catulle
1223 3311 1299 3398 ejus
1314 3310 1347 3376 xl
1354 3312 1380 3376 s'

227 3402 318 3470 unde
332 3402 516 3469 vicecomes
531 3403 744 3489 respondeat.

293 3573 456 3655 Quadam
479 3573 601 3640 mulier
624 3574 779 3662 ingnote,
800 3573 970 3659 sortilega,
995 3573 1138 3638 intravit
1162 3572 1300 3638 domum
1323 3572 1381 3638 Jo-

228 3662 352 3727 hannis
367 3662 409 3727 de
423 3661 639 3728 Kerneslavve
661 3663 746 3727 hore
767 3660 971 3749 vespertine,
992 3664 1028 3726 et
1053 3661 1164 3746 ipsum
1189 3660 1382 3728 Johennem

228 3748 407 3815 insultavit
422 3771 462 3852 co
476 3748 567 3851 quod
581 3749 672 3815 idem
686 3749 861 3851 Johennes
880 3749 1054 3850 singnavit
1075 3767 1112 3814 se
1135 3747 1258 3850 singpo
1273 3745 1382 3814 crucis

228 3834 1382 4008 {isteitffetaettfftfflz{extremitatem

229 4010 425 4094 sortilegam
450 4011 596 4095 quodam
622 4010 753 4091 estello,
773 4011 824 4076 ita
850 4010 940 4094 quod
965 4009 1061 4076 obiit.
1107 4009 1154 4074 Et
1178 4012 1298 4096 postea
1322 4031 1383 4094 per

228 4098 396 4183 judicium
417 4099 525 4165 totius
546 4097 669 4179 clerici,
695 4098 871 4164 combusta
892 4097 973 4162 fuit.
1018 4098 1065 4161 Et
1090 4097 1180 4164 idem
1205 4097 1228 4162 J
1229 4097 1382 4163 ohannes

229 4188 307 4270 post
321 4184 453 4250 iactum
472 4185 558 4251 illud
579 4185 730 4250 furiosus
754 4185 899 4250 devenit.
944 4185 991 4249 Et
1017 4188 1136 4270 postea
1152 4206 1228 4250 cum
1244 4205 1380 4250 sensum

229 4275 460 4357 recuperasset
475 4294 664 4340 memorans
680 4273 811 4338 tectum
822 4272 1032 4357 predictum,
1045 4271 1075 4338 si
1085 4273 1201 4358 posset
1213 4272 1329 4338 cedere
1344 4271 1381 4336 in

229 4357 428 4446 periculum,
443 4359 537 4446 fugit
552 4361 710 4444 usquein
728 4360 972 4446 Episcopatum
983 4359 1248 4426 Dunelmensem
1262 4362 1299 4425 et
1314 4380 1384 4426 non

644 4530 653 4564 ¹
671 4530 987 4586 FunamesinDurham.
