3272 5092
283 517 346 584 258
460 539 574 586 nsuan
598 540 695 602 sonu,
718 539 1057 602 summamus,
1082 519 1101 585 7
1124 539 1211 585 now.
1234 539 1259 588 1.

282 693 435 780 predicti
456 693 623 760 Rioardus
646 693 719 760 Ker
743 696 779 760 et
802 715 919 761 omnes
944 693 1016 775 alii,
1039 697 1161 780 prater
1182 693 1369 760 Rohertum
1391 689 1433 756 de

285 779 489 862 Aldebureh,
504 781 674 867 praedietis
688 781 744 847 die
759 784 794 847 εὴ
810 803 909 864 anno,
925 783 959 847 vi
973 785 1009 849 εὴ
1023 783 1137 860 armis,
1173 781 1311 847 raediota
1321 777 1434 846 averia

284 875 517 934 resousseruut
542 874 578 935 et
602 869 755 936 homines
782 870 888 956 ipsius
914 869 1093 950 Johannis,
1111 803 1252 948 sedicet,
1268 865 1431 952 quosdam

285 955 476 1022 Johannem
505 957 600 1022 Horn
629 960 665 1022 et
688 957 835 1042 Uetinge
862 957 1039 1023 Godesone
1063 955 1334 1034 verberaverunt,
1350 952 1432 1018 wul-

284 1048 499 1124 neraveruut,
515 1046 550 1108 et
566 1043 897 1110 maletractaverunt.
928 1044 975 1108 Et
997 1043 1117 1109 dieunt
1131 1042 1221 1128 quod
1235 1040 1435 1128 praedictum

285 1134 421 1216 pratum
436 1135 490 1197 est
505 1130 684 1217 separalei
708 1131 777 1196 sius
792 1132 815 1197 J
817 1132 961 1197 ohannis
984 1131 1026 1197 de
1048 1130 1281 1216 Hertwey'ton'
1305 1132 1340 1194 εὴ
1364 1147 1432 1191 uon

286 1239 465 1283 commune
487 1218 640 1304 praedioti
700 1219 842 1285 exandri
857 1223 893 1285 εὴ
908 1218 1060 1283 aliorum.
1091 1217 1138 1282 ut
1153 1217 1228 1281 ideo
1240 1215 1433 1281 considera-

286 1309 362 1369 tum
378 1310 431 1371 est
446 1306 536 1390 quod
551 1305 705 1390 praedieti
717 1306 884 1371 Ricardus
896 1305 968 1369 Ker
978 1309 1015 1370 et
1024 1304 1093 1384 alii,
1129 1302 1433 1390 raeterpraedietum

289 1391 476 1456 Robertum
491 1392 533 1456 de
545 1391 749 1458 Aldebureh'
766 1393 1012 1472 custodiantur,
1025 1397 1061 1458 et
1069 1392 1092 1457 J
1093 1414 1113 1457 o
1138 1413 1243 1457 annes
1259 1391 1435 1475 recuperet

286 1479 409 1564 dampa
432 1501 503 1558 sua,
526 1501 601 1565 quae
623 1483 785 1545 taxantur
808 1501 868 1566 per
885 1481 1055 1564 juratores
1071 1479 1116 1543 ad
1131 1479 1214 1543 duos
1233 1479 1270 1542 ε’.
1309 1477 1434 1542 Postea

286 1565 441 1651 praedicti
454 1567 621 1633 Ricardus
631 1572 666 1632 et
681 1566 740 1632 alii
749 1567 851 1633 finem
860 1566 1017 1633 fecerunt
1026 1587 1087 1651 pro
1102 1587 1147 1631 xx
1155 1566 1193 1646 ε’,
1208 1586 1268 1650 per
1282 1562 1433 1650 plegium

286 1652 470 1718 Alexandri
485 1654 527 1718 de
542 1653 729 1740 Bonehyll',
745 1657 810 1721 eto.

352 1740 510 1825 Dampna
524 1741 550 1826 ij
561 1741 597 1806 a'.

353 1931 535 2016 Margeria,
550 1953 624 2016 quae
645 1931 714 1998 fuit
729 1954 814 1998 uxor
827 1934 850 1999 J
850 1933 995 1998 ohannis
1018 1934 1059 1998 de
1082 1931 1196 2013 Herle,
1217 1931 1306 2017 petit
1320 1947 1435 1994 versus

287 2018 453 2084 Thomam
469 2017 509 2083 de
525 2018 697 2086 Olivedou’
713 2041 820 2085 unum
836 2021 1058 2106 mesuagium,
1072 2025 1207 2085 eentum
1219 2039 1313 2084 aeras
1325 2021 1436 2095 terrae,

287 2110 323 2170 et
339 2127 398 2171 sex
413 2127 507 2171 aeras
523 2107 613 2190 prati
629 2127 705 2171 eum
721 2107 938 2192 pertinentiis
953 2107 989 2172 in
1005 2106 1238 2194 Kyllingwrth
1254 2110 1290 2170 et
1305 2105 1433 2188 Magna

288 2193 433 2274 Benton,
450 2197 490 2258 ut
500 2194 556 2278 jus
572 2199 609 2278 et
622 2194 841 2280 maritagium
857 2215 966 2275 suum,
982 2197 1018 2259 et
1033 2196 1069 2258 in
1092 2201 1166 2279 quse
1181 2193 1271 2260 idem
1286 2191 1432 2256 Thomas

291 2280 478 2346 nonhabet
500 2279 691 2380 ingressum
714 2283 781 2346 nisi
804 2282 1082 2366 perpraedictum
1105 2283 1307 2360 Johannem,
1330 2298 1436 2364 quon-

289 2367 367 2432 dam
385 2367 494 2432 virum
510 2367 617 2453 1psius
637 2368 824 2454 Margana,
849 2369 907 2453 qui
925 2368 985 2433 illa
1007 2369 1038 2434 ei
1061 2369 1202 2446 dimisit,
1225 2366 1280 2432 oui
1301 2365 1432 2450 ipsein

288 2455 358 2519 vita
373 2475 435 2519 sua
450 2454 679 2522 contradicere
699 2476 765 2520 non
788 2457 912 2541 potuit,
934 2461 998 2521 eto.
1044 2456 1090 2521 llt
1111 2455 1258 2521 Thomas
1281 2453 1374 2519 venit
1397 2455 1433 2516 εὴ

287 2541 373 2608 bene
389 2541 564 2626 cognoscit
579 2543 670 2627 quod
683 2542 788 2608 habet
802 2544 993 2628 ingressum
1010 2544 1047 2608 in
1062 2543 1223 2628 praedicta
1237 2542 1434 2607 tenemento

312 2651 349 2694 er
385 2628 582 2714 praedictum
619 2629 822 2710 Johannem‚
846 2635 881 2696 et
914 2633 1012 2695 vocat
1040 2631 1119 2695 inde
1154 2630 1196 2695 ad
1228 2630 1432 2693 wanantum

288 2651 480 2781 lohannem
504 2715 610 2780 filium
642 2721 678 2784 et
714 2717 873 2782 heredem
899 2718 1053 2802 praedieti
1082 2716 1263 2795 Johannis,
1294 2715 1352 2797 qui
1381 2717 1434 2778 est

289 2803 382 2867 infra
412 2807 557 2883 aetatem,
587 2823 648 2888 per
667 2808 797 2870 cartam
823 2803 929 2889 ipsius
952 2804 1131 2884 Johaunis,
1161 2825 1261 2888 quam
1283 2801 1434 2887 profert3

288 2894 324 2957 et
346 2911 420 2974 quae
441 2893 591 2956 testatur
614 2890 702 2974 quod
724 2891 905 2976 praedietus
928 2892 951 2956 J
953 2893 1102 2957 ohannes
1126 2891 1229 2969 dedit,
1258 2887 1434 2967 concessit,

288 2980 324 3044 et
361 2983 454 3042 cama
484 2999 546 3042 sua
583 2978 795 3042 confirmavit
833 2979 969 3044 Thomae
1007 2979 1049 3044 de
1088 2978 1269 3064 Olyvedon'
1315 2996 1430 3040 omnes

286 3067 408 3144 terras,
425 3085 509 3148 quas
520 3065 642 3128 habuit
652 3065 688 3128 in
701 3063 781 3130 villu
791 3066 832 3129 de
844 3065 1087 3151 Kyllingwrth,
1100 3066 1187 3147 illas,
1200 3063 1338 3144 scilieet,
1351 3083 1434 3146 quas

289 3150 437 3215 Michael
466 3151 507 3215 de
538 3151 703 3235 Bayfeud,
734 3151 907 3218 (tilbertus
939 3153 1084 3239 Hyring‚
1124 3156 1159 3218 et
1196 3149 1362 3216 Ricardus
1392 3148 1433 3214 de

289 3237 415 3303 Sancto
453 3238 555 3302 Petro
592 3239 628 3301 in
666 3239 783 3303 eadem
821 3239 901 3303 villa
930 3240 971 3304 de
1001 3238 1234 3326 Kyllingwrth
1263 3236 1433 3322 quondam

287 3325 482 3389 habuerunt
522 3328 556 3390 et
586 3329 781 3390 tenuerunt.
842 3327 888 3390 Et
918 3327 1006 3409 quod
1044 3328 1116 3411 ipse
1145 3329 1181 3391 et
1213 3324 1351 3391 heredes
1382 3323 1435 3386 sui

289 3411 620 3491 warrantizuverrmt,
645 3416 708 3478 eto.
755 3413 801 3477 Et
823 3413 1001 3498 Margeria'
1018 3414 1101 3478 dicit
1124 3412 1214 3497 quod
1235 3411 1432 3498 praedictum

288 3499 509 3583 mesuagium,
527 3500 616 3583 quod
630 3500 718 3583 petit
732 3521 847 3564 versus
863 3521 951 3580 eum,
968 3503 1020 3564 est
1036 3503 1072 3564 in
1087 3498 1380 3586 Kyllingeswrth',
1395 3501 1431 3560 et

286 3585 396 3669 quoad
420 3587 483 3650 hoe
505 3586 590 3650 bene
615 3587 769 3651 coneedit
795 3587 883 3671 quod
907 3587 1040 3670 loquela
1065 3591 1240 3652 remaneat
1255 3595 1360 3669 usque
1388 3583 1431 3648 ad

288 3676 423 3738 aetatem
449 3673 601 3756 praedioti
628 3672 780 3752 Henriei,
797 3679 861 3739 eto.
909 3675 955 3738 Et
971 3676 1080 3758 quoad
1096 3673 1290 3760 praediotam
1307 3676 1433 3736 terram

286 3763 321 3824 et
336 3763 471 3844 pratum
488 3759 572 3824 dicit
587 3760 674 3845 quod
697 3759 831 3844 loquela
846 3761 914 3825 ista
935 3763 1099 3846 usquead
1125 3763 1258 3826 aetatem
1283 3759 1437 3843 praedicti

286 3845 428 3912 Heariei
441 3867 507 3909 non
525 3846 624 3912 dehet
639 3857 821 3925 remanere,
846 3848 923 3931 quia
951 3848 1137 3934 dicitquod
1157 3847 1318 3934 praedieta
1341 3849 1434 3910 terra

287 3937 323 3998 et
338 3937 474 4018 pratum
491 3934 622 3998 suntin
640 3935 769 4019 Magna
786 3935 931 4000 Benton’
947 3940 983 4000 et
1003 3937 1122 4001 nonin
1138 3933 1384 4018 Killingwrth’,
1400 3939 1435 3996 εὴ

286 4020 370 4085 dicit
394 4020 484 4103 quod
507 4021 688 4105 praedictus
707 4021 876 4087 Hearieus
902 4043 969 4087 non
995 4023 1167 4109 obligatur
1190 4021 1234 4086 ad
1258 4019 1435 4084 warranti-

287 4106 431 4172 zandum
443 4107 475 4171 ei
487 4107 601 4191 aliqua
613 4112 808 4174 tenementa
822 4109 859 4173 in
872 4108 1016 4174 Benton'
1026 4131 1085 4195 per
1099 4109 1294 4195 praedietam
1307 4111 1434 4171 camum

286 4216 387 4280 quam
403 4194 542 4283 profert,
560 4198 623 4259 ete.
669 4195 715 4259 Et
731 4195 877 4261 Thomas
898 4197 981 4261 dicit
1003 4198 1092 4281 quod
1114 4195 1277 4282 praedicta
1291 4201 1382 4259 terra
1399 4198 1436 4258 et

285 4286 421 4368 pratum
437 4281 569 4348 suntin
591 4281 835 4367 Kyllingwrth’
853 4286 888 4348 εὴ
903 4303 971 4347 non
991 4284 1027 4346 in
1042 4285 1197 4348 Benton'.
1243 4283 1289 4345 st
1310 4281 1350 4346 de
1372 4281 1436 4344 hoe

284 4369 383 4455 ponit
404 4389 439 4435 se
460 4389 560 4454 super
582 4368 739 4453 patriam.
785 4369 831 4434 st
854 4371 1026 4456 Margeria
1052 4371 1217 4437 similiter.
1262 4368 1344 4432 Ideo
1373 4367 1436 4432 fiat

283 4455 364 4520 inde
379 4455 504 4539 jurata.
543 4455 667 4521 Postea
680 4456 861 4541 praediotus
871 4457 1016 4522 Thomas
1028 4458 1258 4523 resortiturde
1270 4455 1433 4540 praedicta

285 4542 478 4614 warrantia.
520 4543 564 4608 Et
579 4543 742 4629 praedieta
757 4543 928 4631 Margeria
943 4548 980 4611 et
1000 4545 1147 4612 Thomas
1163 4541 1358 4612 eoneordati
1373 4561 1435 4628 per
