3264 5110
401 593 515 640 sssmn
537 593 637 657 nonu,
660 593 996 658 rouruumnnunsuu,
1022 579 1153 644 711911.
1176 597 1200 642 1.
1310 575 1373 640 355

289 747 466 815 Juratores
487 751 695 834 prasentant
717 749 807 835 quod
830 751 1015 836 burgenses
1037 748 1127 816 Novi
1144 749 1371 835 (1991119119-

222 835 418 920 priaverunt
441 835 506 901 sibi
530 836 638 902 officia
664 838 871 904 coronatoris
887 837 923 901 in
941 837 1090 903 baroniis
1113 838 1155 904 de
1179 837 1215 903 la
1231 837 1305 917 Val,
1329 837 1371 902 19

223 923 384 1003 Bulbech,
412 928 447 990 91
477 924 518 989 19
549 923 716 1005 Bailliolo,
741 930 777 990 et
806 946 875 990 non
904 924 1112 1012 permittunt
1141 924 1372 992 vicecomitem

221 1010 490 1077 facereofficium
504 1011 650 1077 suumin
666 1012 767 1078 dictis
779 1013 939 1078 baroniis.
970 1012 1052 1080 Ideo
1063 1013 1142 1078 inde
1153 1012 1370 1097 loquendum.

286 1166 338 1231 De
362 1165 483 1247 feodis,
508 1169 585 1249 etc,
611 1167 730 1234 dicunt
756 1168 846 1254 quod
869 1168 1046 1234 Johannes
1076 1169 1118 1234 19
1148 1167 1247 1233 Baill'
1272 1170 1371 1234 tenet

219 1253 395 1320 baroniam
416 1254 458 1319 19
476 1254 602 1320 Β11191Ρ
618 1256 660 1320 19
675 1255 811 1321 domino
826 1254 920 1341 Rege
934 1255 972 1320 in
986 1255 1099 1342 capite
1117 1276 1178 1341 per
1196 1254 1371 1322 servitium

220 1340 267 1494 hh
268 1340 466 1495 lflesoffipsr
483 1345 520 1407 91
542 1341 674 1408 dimidii
695 1343 896 1408 militarium
918 1346 954 1408 91
972 1365 1033 1430 per
1058 1350 1216 1428 quartam
1237 1345 1370 1429 partein

286 1582 310 1647 J
310 1585 464 1651 aratores
498 1584 618 1651 dicunt
650 1585 740 1670 quod
770 1585 923 1672 gurgites
960 1584 1088 1650 Prioris
1118 1583 1369 1666 Dunelmensis,

222 1691 366 1754 quorum
389 1693 479 1736 unus
501 1677 642 1738 vocatur
665 1673 898 1760 Hungeryere,
925 1693 962 1738 se
986 1671 1139 1738 extendit
1153 1671 1245 1736 ultra
1259 1675 1369 1738 rectus

223 1757 347 1823 divisas
359 1779 419 1843 per
430 1758 488 1846 xlij
503 1758 631 1841 teisias,
647 1760 794 1842 9191191,
811 1761 868 1844 qni
885 1763 1026 1826 vocatur
1041 1759 1156 1838 Suara,
1169 1779 1205 1823 se
1217 1760 1371 1826 extendit

222 1845 314 1910 ultra
328 1845 454 1911 divisas
468 1867 530 1931 per
543 1847 566 1932 lj
584 1845 710 1928 teisias,
737 1851 772 1912 et
796 1846 886 1932 quod
908 1847 1046 1932 quidam
1069 1867 1194 1932 gurges
1210 1845 1369 1932 Episcopi

223 1931 472 2013 Dunelmensis,
498 1935 555 2018 qui
579 1938 719 2000 vocatur
742 1935 940 2020 Kirkeyere,
964 1934 1022 2019 qui
1046 1953 1081 1999 se
1105 1933 1258 1998 extendit
1278 1933 1370 1999 ultra

222 2023 331 2086 rectas
343 2020 468 2086 divisas
479 2043 540 2106 per
550 2021 619 2104 xlvj
633 2022 762 2102 teisias,
775 2024 810 2089 et
822 2022 911 2108 quod
925 2021 1063 2106 quidam
1079 2041 1213 2106 gurges,
1229 2025 1265 2086 et
1280 2021 1370 2104 quod

221 2105 307 2172 alius
332 2128 456 2193 gurges
479 2107 586 2194 ipsius
610 2109 779 2195 Episcopi,
806 2108 866 2194 qui
889 2112 1028 2174 vocatur
1052 2107 1231 2192 Greneyre,
1258 2108 1367 2193 quise

220 2194 372 2260 exteudit
386 2195 476 2260 ultra
489 2199 600 2261 rectas
615 2196 740 2262 divisas
752 2217 812 2282 per
823 2196 882 2281 xiij
896 2195 1024 2277 teisias,
1041 2198 1076 2260 et
1091 2195 1229 2279 quidam
1244 2215 1368 2280 gurges

222 2281 307 2346 dicti
322 2282 482 2367 Episcopi
497 2284 556 2367 qui
570 2287 709 2349 vocatur
723 2284 816 2365 Reti,
832 2288 867 2349 91
882 2283 1019 2369 quidam
1041 2281 1140 2361 alius,
1161 2282 1218 2366 qui
1230 2284 1371 2349 vocatur
1388 2347 1393 2360 ,

221 2367 326 2453 Depo,
343 2390 379 2435 se
393 2369 581 2436 extendunt
595 2370 685 2436 nitra
699 2376 810 2437 rectas
825 2371 950 2436 divisas
964 2391 1025 2457 per
1040 2392 1081 2434 xx
1096 2369 1223 2435 teisias.
1276 2369 1366 2435 Item

222 2455 342 2521 dicunt
366 2457 455 2541 quod
477 2457 592 2523 Abbas
615 2459 656 2525 de
670 2457 767 2523 Novo
782 2457 1001 2538 Monasterio,
1025 2455 1135 2522 David
1155 2456 1197 2523 de
1213 2455 1369 2522 Hoburn’
1509 2523 1511 2526 .

221 2546 256 2609 et
272 2544 496 2609 communitas
510 2545 597 2610 villae
612 2545 653 2611 19
668 2545 764 2612 Novo
779 2547 899 2612 Castro
911 2544 1155 2630 elongaverunt
1168 2544 1274 2630 hayas
1290 2565 1368 2610 suus

94 2683 95 2687 ,
222 2630 265 2695 ad
282 2630 435 2716 gurgites
451 2652 529 2697 suos
545 2632 635 2697 ultra
650 2637 761 2699 rectas
787 2632 924 2712 divisas,
946 2632 1022 2699 1199
1048 2631 1115 2717 ipsi
1136 2631 1174 2694 in
1197 2630 1283 2696 mis’.
1323 2632 1369 2695 Et

243 2724 423 2803 raeceptum
438 2722 491 2784 est
506 2717 696 2785 vicecomiti
718 2721 807 2805 quod
828 2720 936 2786 faciat
958 2722 1170 2804 prosternere
1189 2718 1367 2802 pradictus

220 2739 526 2958 1191111
549 2807 1016 2980 1111911111
1029 2805 1367 2978 {comeam

220 2978 353 3046 itineris
369 2981 456 3064 quod
472 2981 641 3066 praedictae
656 2986 882 3068 pmpresturae
896 2981 933 3045 in
947 2981 1065 3047 eodem
1080 2979 1204 3044 itinere
1224 3001 1368 3063 praesen-

220 3070 302 3132 tatae
317 3066 469 3148 fuerumt,
486 3071 522 3133 et
536 3070 626 3154 quod
640 3069 782 3134 firmarii
797 3069 855 3154 qui
870 3071 991 3134 tenent
1011 3067 1188 3152 praedictos
1213 3067 1366 3151 gurgites

220 3153 264 3218 ad
294 3154 426 3219 firmam
454 3155 612 3222 fecerunt
640 3157 819 3243 praediotas
845 3159 1082 3241 purpresturas
1135 3160 1249 3238 ropter
1278 3153 1367 3238 quod

220 3241 396 3307 amerciati
421 3241 573 3323 fuerunt,
600 3246 636 3308 et
662 3245 751 3328 quod
777 3247 982 3328 praeceptum
1007 3241 1078 3306 fuit
1104 3177 1298 3307 &wiscardo
1325 3241 1366 3306 19

220 3328 332 3410 Char,
345 3332 428 3395 tunc
440 3330 640 3411 vicecomiti,
650 3331 740 3416 quod
752 3337 903 3396 sternere
917 3328 1057 3395 fecisset
1071 3326 1233 3412 quicquid
1244 3327 1367 3392 11119991

219 3416 262 3480 ad
286 3421 529 3482 nocumentum
552 3418 595 3482 ad
619 3423 746 3499 custus,
771 3422 847 3498 etc,
871 3417 1002 3500 etipse
1026 3415 1133 3481 nichil
1163 3414 1259 3493 19911,
1290 3415 1366 3479 1199

219 3501 290 3588 ipse
305 3503 342 3567 in
357 3504 444 3572 mis'.
490 3505 537 3569 Et
552 3504 640 3570 sicut
654 3505 749 3590 prius
764 3507 968 3591 praeceptum
989 3505 1043 3568 991
1064 3500 1255 3567 vicecomiti
1276 3521 1366 3566 nuno

219 3591 309 3674 quod
324 3594 549 3677 prosternere,
563 3595 628 3658 919.
660 3592 707 3658 Et
720 3591 828 3658 nichil
842 3592 884 3657 de
898 3590 974 3656 mis’
985 3589 1222 3674 pradictorum
1238 3587 1366 3654 Prioris

216 3681 251 3743 et
264 3678 419 3745 aliorum.

281 3824 333 3890 De
351 3824 488 3890 valettis
506 3824 564 3908 qui
588 3823 717 3891 habent
741 3823 916 3910 integrum
941 3820 1080 3889 feodum
1104 3819 1264 3901 militare,
1289 3822 1366 3901 919,

216 3910 336 3977 dicunt
371 3911 461 3996 quod
484 3911 638 3997 Rogemus
662 3911 703 3978 19
727 3911 875 3997 Ooyners
899 3911 1003 3975 habet
1028 3911 1201 3992 integrum
1227 3907 1366 3972 feodum

215 3997 730 4152 ffitsareppepapleltnppsr'annum
743 4002 836 4064 tona
847 3996 938 4063 illius
953 4019 993 4062 11
1004 3997 1052 4061 a’.
1090 3995 1137 4061 Et
1147 3995 1299 4060 nondum
1314 3996 1367 4058 est

280 4234 331 4299 De
343 4231 410 4298 hiis
422 4233 480 4318 qui
494 4233 691 4300 levaverunt
700 4252 902 4312 warennam,
919 4233 996 4312 919,
1012 4229 1131 4295 dicunt
1146 4229 1236 4313 quod
1247 4225 1365 4293 1711191-

215 4343 290 4387 mus
306 4321 348 4388 19
362 4320 536 4401 Valencia,
555 4323 658 4407 Hugo
674 4321 716 4386 de
730 4321 832 4400 Eure,
849 4322 884 4384 et
898 4318 1047 4382 Thomas
1066 4316 1107 4381 19
1127 4317 1253 4380 Bertou
1277 4314 1365 4381 leva·

213 4412 334 4476 verunt
360 4429 528 4474 1191191119
555 4407 592 4472 in
618 4409 719 4474 terris
746 4407 828 4488 suis,
854 4409 906 4471 set
933 4405 1084 4470 nescitur
1110 4423 1176 4487 quo
1196 4406 1365 4467 van-anto.

145 4509 147 4514 ’
213 4497 296 4563 Ι199
320 4496 523 4582 praeceptum
551 4500 604 4562 est
629 4495 820 4564 vicecomiti
846 4492 937 4579 quod
960 4491 1067 4558 faciat
1091 4510 1148 4556 eos
1182 4488 1295 4556 venire
1321 4489 1366 4556 ad

212 4583 473 4684 ostendendum.

1103 4665 1213 4731 nst
