3252 5100
255 491 320 556 390
431 511 545 556 666166
567 510 666 570 noun,
690 509 1029 572 nonrnmnnnrno,
1055 491 1074 556 7
1097 511 1185 556 now.
1208 512 1233 557 1.

256 657 309 724 De
324 656 506 737 Orietiunn,
521 679 596 742 quae
610 658 680 722 fuit
699 678 785 722 uxor
802 657 943 722 W'ulteri
963 657 1005 723 (16
1020 658 1264 743 'l'ruthinglon‚
1280 657 1323 722 de
1338 657 1406 720 fine

343 767 405 897 {ro
429 746 570 899 leifientiu
599 744 836 825 concordandi,
853 746 888 810 di
897 745 952 825 (η’,
976 765 1036 830 per
1059 744 1210 831 plegium
1235 744 1338 810 Alnni
1364 743 1410 808 (16

374 853 431 899 aec
477 834 496 898 '.

258 921 310 986 De
335 920 517 1004 liudulpho
544 919 585 984 de
617 918 810 1005 Hidesleye,
837 918 918 1004 quin
943 920 1089 984 retruxit
1115 941 1162 1000 66,
1190 919 1339 985 Henrieo
1365 917 1407 984 de

344 1007 507 1093 Eyworth
522 1011 558 1072 et
574 1007 711 1073 Simone
726 1007 769 1072 de
785 1007 898 1072 Luker
913 1027 974 1092 pro
989 1005 1112 1092 plegiis
1127 1007 1289 1090 ejusdem,
1306 1005 1404 1070 dim'.
1460 1083 1464 1090 ¹

257 1095 309 1160 De
325 1095 478 1160 Woltero
494 1094 564 1160 filio
580 1093 742 1159 Willelmi
767 1093 809 1159 de
833 1094 968 1158 Rodum
993 1099 1028 1159 et
1053 1093 1175 1174 Alicio,
1190 1114 1294 1158 uxore
1319 1092 1406 1178 ejus,

343 1183 424 1267 quio
433 1203 502 1246 non
512 1187 594 1246 sunt
604 1181 786 1266 prosecuti,
800 1180 1407 1267 11111616616116661116181661666

344 1269 413 1334 filio
429 1269 577 1335 Galfridi
591 1290 653 1354 pro
668 1267 789 1353 plegiis
805 1269 999 1349 eorundem,
1016 1268 1084 1333 κε’.

257 1358 310 1421 De
326 1356 510 1457 Runulpho
535 1355 577 1420 de
591 1355 764 1421 Feoewiok
789 1355 831 1422 de
849 1356 918 1421 fine
934 1377 995 1421 suo
1018 1376 1079 1440 pro
1102 1354 1243 1421 11666116
1269 1374 1407 1420 oonoor·

345 1443 461 1521 dundi,
477 1443 575 1522 dim',
591 1464 651 1528 per
665 1442 814 1528 plegium
830 1442 972 1508 Roberti
987 1442 1028 1510 de
1045 1442 1169 1508 Lulrer.

257 1532 310 1596 Do
325 1530 504 1610 Motillide,
516 1552 595 1682 illude
609 1530 679 1595 fuit
692 1551 778 1595 uxor
792 1529 974 1616 Reginaldi
990 1530 1032 1595 de
1046 1530 1217 1611 Dunstnn,
1233 1551 1295 1617 pro
1317 1527 1407 1594 16166

345 1619 500 1697 clamore,
584 1619 604 1683 '.

259 1706 311 1770 De
335 1705 465 1770 Thomu
490 1704 559 1770 filio
586 1705 722 1771 Thomae
747 1705 788 1769 de
814 1703 1040 1791 Algersheles‚
1065 1704 1146 1789 quio
1166 1724 1235 1769 non
1262 1708 1314 1770 est
1329 1724 1407 1788 pro-

342 1795 489 1872 secutus,
503 1792 646 1894 Ι1116166
662 1790 836 1908 1111161116),1
859 1799 895 1857 61
921 1791 1115 1858 Gwisoerdo
1142 1792 1184 1856 de
1209 1791 1403 1872 Trokelnwe

259 1968 311 2034 De
326 1878 821 2032 111116111811111111181111111111111
834 1929 902 2032 'suo
917 1985 978 2051 pro
999 1965 1142 2030 lieentia
1167 1964 1407 2043 concordandi,

347 2054 383 2118 di
394 2054 447 2132 m’,
463 2074 523 2138 per
537 2053 684 2138 plegium
704 2053 863 2118 Willelmi
879 2054 920 2118 de
936 2053 1138 2118 Middelton.

259 2142 312 2207 De
327 2141 525 2226 Margarete
538 2140 609 2204 filio
623 2140 783 2206 Nioholui
799 2141 840 2207 de
855 2140 968 2222 Biker,
984 2140 1067 2225 quie
1081 2139 1225 2207 retraxit
1241 2162 1287 2219 66,
1304 2141 1406 2207 Petro

346 2229 544 2306 Wodemon,
561 2227 724 2292 Houkino
739 2227 870 2293 Tollere
884 2249 946 2313 pro
961 2227 1083 2313 plegiis
1099 2229 1260 2312 ejusdem,
1276 2227 1312 2291 di
1321 2228 1377 2291 m'.

259 2317 311 2380 De
327 2316 473 2380 Riourdo
489 2316 530 2380 de
548 2315 727 2381 Stikelowe
743 2336 804 2400 pro
819 2314 949 2399 injusta
965 2315 1171 2394 detentione,
1184 2316 1197 2400 j
1209 2317 1264 2379 m’.

258 2405 311 2468 De
328 2402 499 2487 Morgeriu
514 2403 555 2468 de
571 2402 721 2468 Trewiok
733 2423 794 2487 pro
819 2403 947 2481 eodem,
963 2401 998 2466 di
1007 2402 1061 2467 m'.

260 2493 310 2557 De
326 2490 348 2554 J
350 2490 484 2555 616666
500 2490 541 2554 de
555 2489 1343 2574 8666161166,16666611616,661666666611,(11
1353 2489 1409 2552 m'.

260 2578 311 2641 De
327 2576 499 2640 Willelmo
513 2576 582 2640 filio
597 2577 680 2642 Adae
695 2577 737 2642 de
753 2577 893 2641 Roubir‘
909 2598 971 2661 pro
985 2576 1074 2641 16166
1090 2576 1247 2655 elamore,
1263 2577 1299 2641 di
1309 2577 1364 2640 m’.

261 2665 313 2729 De
329 2664 431 2730 Petro
447 2665 488 2727 de
506 2663 657 2728 Foudon’
673 2685 735 2748 pro
750 2663 883 2748 injusto
898 2663 1105 2744 detentione,
1122 2685 1165 2728 xx
1176 2663 1213 2728 ε’.

260 2751 312 2816 De
326 2752 483 2815 Johonne
499 2751 541 2817 de
557 2750 772 2835 Wiseington
785 2755 819 2815 et
831 2750 1002 2836 Angnete,
1017 2772 1118 2815 uxore
1128 2750 1216 2834 6166,
1229 2749 1408 2830 1161111116,

347 2859 460 2902 sorore
476 2837 629 2921 ejusdem
656 2838 838 2922 Angnetis,
864 2837 997 2902 filiabus
1024 2838 1151 2923 Rogeri
1168 2838 1352 2917 Moddoolr,
1373 2841 1409 2902 et

347 2925 487 3003 Idonea,
504 2946 616 2989 sorore
632 2926 717 3009 eino,
734 2925 814 3008 quio
831 2945 899 2988 non
914 2929 996 2989 sunt
1010 2925 1195 3008 prosecuti,
1211 2924 1310 2990 dim'.

260 3013 312 3078 De
328 3011 484 3078 Gulirido
500 3011 541 3076 de
556 3011 742 3078 0661611611
759 3014 794 3076 61
809 3011 1020 3078 Willelmole
1032 3011 1203 3077 Chelonen
1212 3033 1274 3096 pro
1285 3011 1407 3098 plagiis

349 3100 543 3178 eorundem,
558 3101 625 3178 κε’,
640 3100 731 3164 unde
747 3098 935 3179 Gulfridus,
952 3098 985 3162 xl
995 3099 1039 3162 d'.

260 3188 311 3253 De
327 3186 508 3271 liudulpho
523 3187 634 3250 Ootun
652 3188 692 3251 de
708 3186 776 3250 fine
789 3207 850 3250 suo
858 3207 920 3271 pro
931 3185 1069 3251 licentio
1079 3186 1316 3266 concordandi,
1327 3186 1341 3271 j
1353 3185 1409 3252 m'.

261 3275 312 3339 De
328 3273 445 3338 Priore
462 3272 503 3339 de
520 3274 646 3338 Sancto
662 3272 817 3338 Osewold
833 3274 875 3338 de
891 3274 958 3339 fine
974 3294 1036 3337 666
1051 3294 1113 3359 pro
1129 3275 1258 3354 eodem,
1274 3274 1363 3338 ω’.

261 3361 314 3426 De
328 3361 479 3425 Roberto
495 3360 650 3425 Bertrum
666 3363 708 3424 de
723 3360 848 3425 Bothol
872 3360 914 3425 de
940 3361 1006 3425 fine
1022 3380 1084 3425 ouo
1105 3382 1167 3446 pro
1183 3361 1310 3442 eodem,
1325 3359 1410 3440 xlo’,

347 3468 408 3533 per
422 3446 574 3532 plegium
588 3448 748 3533 Hugonis
764 3447 806 3512 de
821 3447 855 3512 lu
869 3447 944 3512 Vol.
1090 3475 1092 3480 ·

261 3535 313 3600 De
328 3535 477 3685 Roberto
493 3534 777 3686 dliiffleliughm
800 3539 836 3599 et
859 3533 1033 3600 Willelmo
1047 3534 1089 3599 de
1115 3535 1233 3601 eudem
1246 3556 1308 3619 pro
1322 3535 1412 3601 16166

349 3642 505 3702 comere,
565 3622 620 3687 m'.
845 3621 848 3630 '

261 3710 314 3775 De
329 3709 488 3793 Philippo
504 3710 545 3774 de
561 3708 726 3775 Cruuden'
743 3708 785 3773 de
796 3709 865 3773 fine
880 3728 941 3773 666
952 3727 1014 3794 pro
1024 3707 1411 3789 lieentiuooneordundi,

351 3800 439 3860 xxs’.

262 3883 312 3950 De
328 3883 500 3962 11166616,
517 3905 590 3967 quae
603 3883 674 3948 fuit
688 3903 773 3948 uxor
787 3882 974 3948 Alexandri
989 3882 1030 3948 de
1039 3883 1207 3963 Bailliolo,
1220 3884 1261 3948 de
1272 3883 1341 3951 fine
1350 3904 1411 3949 suo
1502 3875 1504 3878 ’

261 4059 312 4124 ne
327 3993 409 4122 ld
418 3968 1301 4144 illinizs0ttli⁰t¹ltdt⁰ttiilllit.·

262 4147 313 4210 De
330 4145 524 4211 Gwisoardo
540 4146 582 4211 de
590 4145 773 4210 oharhum
799 4145 841 4211 do
857 4146 924 4211 fine
952 4165 1013 4210 666
1027 4165 1090 4231 pro
1113 4144 1253 4212 licentio
1275 4166 1414 4211 concor-

351 4233 465 4313 dandi,
482 4233 571 4297 xxo'.
1358 4287 1361 4294 .

264 4321 316 4387 De
353 4321 516 4399 Lucieno,
548 4341 621 4404 quae
650 4319 720 4384 1611
758 4341 844 4385 uxor
873 4319 1010 4384 Thomee
1039 4319 1103 4384 filii
1144 4320 1344 4405 Ingeromni
1374 4321 1416 4388 de

350 4407 586 4492 Waringhum,
602 4407 682 4492 quio
706 4427 775 4472 non
791 4413 843 4472 est
865 4410 1055 4492 prosecuto,
1072 4406 1203 4473 Thomu
1217 4406 1260 4473 de
1275 4407 1413 4509 Hegur-

349 4495 468 4560 deston
486 4497 521 4560 et
536 4494 710 4561 Willelmo
725 4494 766 4561 de
783 4495 908 4580 Hopun
922 4514 984 4580 pro
995 4493 1118 4580 plegiis
1133 4493 1298 4580 ejusdem,
1314 4494 1415 4562 drm’.
