3280 5112
260 494 303 558 54
410 509 526 556 nssrnn
549 511 647 570 noun,
670 509 1011 569 uournunannnsnn,
1034 489 1077 552 40
1100 509 1183 554 nur.
1208 510 1262 554 111.

325 678 502 745 aarum
543 677 635 743 mus
675 675 849 763 strepui
888 675 931 744 se
971 677 1133 763 serevyu
1166 633 1262 762 'peut
1298 696 1417 741 versus

262 767 475 851 Stephanum
490 765 532 831 de
547 764 644 830 Novo
667 763 790 830 Castro
814 785 920 829 unum
944 765 1172 850 messuagium
1196 767 1232 830 et
1246 763 1304 849 viij
1321 783 1416 829 acras

261 855 361 918 terma
375 873 454 917 cum
475 851 692 938 pertinentiis
716 851 754 916 in
777 851 940 936 Berewyk
963 856 1003 916 ut
1025 852 1083 939 jus
1108 873 1218 932 suum,
1236 854 1313 932 etc,
1329 849 1417 916 etin

259 960 334 1024 qua
348 940 439 1004 idem
464 938 660 1024 Stephanus
684 959 754 1003 non
777 938 883 1003 habet
906 938 1098 1023 ingressum
1121 938 1188 1003 nisi
1202 959 1264 1023 per
1277 937 1416 1023 pradic-

260 1030 338 1091 tum
361 1026 592 1111 Redulphum,
616 1028 749 1111 patrem
773 1025 880 1110 ipsius
905 1025 1043 1110 Rogeri,
1059 1024 1118 1110 qui
1141 1025 1201 1089 illa
1224 1024 1355 1090 dimisit
1370 1024 1414 1089 ad

258 1113 443 1179 terminum
454 1113 512 1198 qui
522 1112 696 1199 praeteriit,
713 1117 778 1178 etc.
823 1112 869 1176 Et
888 1111 1083 1197 Stephanus
1098 1113 1192 1180 venit
1207 1115 1243 1178 et
1258 1111 1413 1178 defendit

149 1281 151 1286 ¹
259 1199 317 1285 jus
341 1221 451 1281 suum,
475 1201 622 1285 quando,
641 1203 717 1279 eta,
743 1204 778 1263 et
802 1199 887 1266 bene
910 1199 1085 1284 cognoscit
1108 1200 1199 1283 quod
1223 1199 1344 1264 habuit
1363 1198 1416 1262 in-

260 1307 414 1372 gressum
450 1287 486 1351 in
523 1287 692 1373 predictis
730 1286 921 1372 messuagio
944 1290 980 1351 et
1008 1289 1101 1353 terra
1128 1307 1189 1371 per
1216 1286 1416 1371 pradictum

260 1374 491 1459 Radulphum,
516 1378 649 1459 patrem
672 1373 779 1457 ipsius
803 1373 940 1456 Rogeri,
965 1373 1024 1440 sed
1047 1394 1116 1438 nou
1146 1374 1189 1439 ad
1217 1373 1413 1454 terminum,

260 1464 338 1541 eta,
354 1461 436 1546 quia
450 1460 534 1526 dicit
548 1461 640 1544 quod
650 1460 723 1545 ipse
734 1459 935 1545 Radulphus
950 1459 1096 1525 feofavit
1110 1461 1222 1546 ipsum
1234 1459 1276 1525 de
1288 1460 1414 1526 eisdem

259 1547 452 1634 messuagio
475 1551 512 1612 et
534 1551 627 1613 tena
648 1568 709 1632 per
731 1551 862 1612 cartem
886 1568 992 1628 susm,
1017 1567 1121 1631 quam
1143 1548 1276 1632 profert
1290 1550 1326 1612 et
1340 1569 1415 1632 quae

260 1635 325 1700 hoc
339 1637 498 1700 testatur.

323 1722 451 1788 Postea
465 1720 662 1787 concordati
677 1723 769 1786 sunt.
814 1720 860 1786 Et
875 1720 1026 1787 habeant
1040 1723 1298 1807 cyrographum.

324 1874 428 1959 Hugo
444 1875 485 1940 de
495 1873 646 1939 Bolebelr
660 1873 835 1959 cognoscit
849 1874 939 1958 quod
953 1874 1057 1940 debet
1066 1874 1239 1941 Willelmo
1254 1875 1296 1940 de
1311 1874 1414 1960 Oray-

258 1960 337 2025 stok
349 1964 384 2027 et
395 1961 522 2041 Mariae,
534 1961 632 2025 uxori
646 1962 729 2046 ejus,
744 1963 866 2045 quater
879 1961 1027 2047 vinginti
1041 1984 1171 2028 marcas
1186 1962 1229 2028 de
1245 1963 1311 2028 fine
1325 1962 1416 2028 inter

258 2067 314 2113 eos
329 2049 434 2128 facto,
451 2048 493 2113 de
508 2048 630 2132 quibus
645 2048 765 2113 reddet
779 2047 829 2114 eis
844 2047 967 2132 viginti
982 2070 1113 2114 marcas
1127 2049 1172 2113 ad
1187 2049 1415 2114 Nativitatem

259 2133 377 2200 Sancti
392 2135 415 2199 J
416 2135 560 2200 ohannis
575 2134 740 2219 Baptista
757 2154 847 2199 anno
866 2134 926 2214 11⁰,
947 2138 983 2199 et
1000 2135 1043 2200 ad
1061 2135 1189 2201 festum
1213 2135 1415 2200 Natiuitatis

258 2221 397 2286 Domini
426 2222 578 2306 proximo
608 2242 751 2304 sequens
776 2243 822 2286 xx
830 2221 886 2302 m',
916 2225 952 2287 et
982 2222 1025 2287 ad
1054 2222 1183 2288 festum
1211 2222 1415 2287 Natiuitatis

260 2307 377 2373 Sancti
392 2309 413 2372 J
415 2309 559 2373 ohannis
583 2307 748 2392 Baptistae
771 2328 862 2373 anno
885 2308 950 2395 xlj⁰
963 2308 1087 2394 viginti
1101 2310 1156 2390 m’,
1173 2313 1208 2375 et
1223 2310 1267 2374 ad
1281 2308 1415 2374 Nativi-

257 2398 367 2460 tatem
390 2395 529 2459 Domini
558 2394 712 2479 proximo
742 2397 941 2479 sequentem
964 2397 1072 2460 xxm’.
1117 2396 1164 2460 lit
1186 2397 1253 2461 nisi
1282 2396 1414 2478 fecerit,

257 2480 413 2547 concedit
427 2482 518 2565 quod
533 2481 717 2546 vicecomes
732 2481 841 2547 faeiat
855 2481 897 2547 de
912 2482 1024 2563 terris,
1037 2485 1118 2548 eta·
1146 2484 1193 2548 Et
1207 2483 1276 2548 ista
1290 2483 1415 2549 solutio

257 2567 416 2634 facienda
431 2572 484 2635 est
499 2568 544 2632 ad
558 2567 753 2632 Prioratum
768 2568 810 2634 de
825 2568 1098 2651 Hextildesham,
1115 2573 1179 2636 etc.

325 2719 424 2786 Prior
447 2721 489 2786 de
513 2721 678 2786 Tinemue
703 2721 793 2807 petit
820 2721 949 2787 curiam
975 2744 1072 2787 suam
1101 2727 1174 2788 tam
1204 2723 1246 2789 de
1278 2723 1414 2810 placitis

257 2807 421 2889 brevium,
438 2829 540 2891 quam
555 2809 597 2872 de
612 2809 749 2893 placitis
765 2829 906 2889 corona,
922 2830 995 2893 quse
1011 2814 1092 2874 sunt
1111 2809 1205 2875 infra
1219 2810 1413 2877 libertatem

259 2917 365 2960 suam.
412 2895 458 2959 Et
473 2896 522 2980 xij
541 2894 679 2976 milites,
696 2895 796 2960 electi
811 2896 855 2960 ad
869 2896 1111 2980 inquirendum
1127 2897 1168 2963 de
1182 2898 1413 2984 purpresturis

259 3003 360 3067 super
384 2981 560 3047 dominum
585 2982 716 3068 Regem
738 2982 852 3063 factis,
877 2982 1034 3067 requisiti
1057 2984 1087 3049 si
1110 2984 1292 3070 pradictus
1316 2985 1416 3049 Prior

257 3067 455 3154 hujusmodi
469 3069 646 3134 libertates
661 3069 784 3134 debeat
805 3068 942 3150 habere,
958 3070 1078 3135 dieunt
1101 3093 1202 3157 super
1226 3093 1415 3137 sacramen-

259 3160 335 3220 tum
359 3177 459 3220 sunm
485 3156 574 3239 quod
599 3157 858 3241 praedecessores
882 3157 990 3241 ipsius
1014 3158 1143 3223 Prioris
1170 3159 1214 3223 ad
1240 3160 1413 3244 quodlibet

257 3243 326 3308 iter
350 3241 620 3327 justiciariorum
644 3243 839 3308 habuerunt
866 3244 995 3308 curiam
1015 3265 1112 3310 suam
1127 3249 1200 3310 tam
1223 3246 1265 3310 de
1286 3247 1414 3333 placito

259 3330 411 3395 brevium
437 3351 539 3414 quam
566 3331 607 3396 de
633 3350 768 3410 corona,
786 3333 821 3410 et
845 3329 1039 3395 habuerunt
1061 3332 1177 3396 omnia
1199 3335 1350 3418 proficua
1369 3333 1412 3398 de

260 3417 387 3482 eisdem
410 3416 558 3502 placitis,
584 3420 619 3483 et
643 3417 817 3481 vvrelrlrum
842 3417 946 3482 maris
970 3421 1006 3482 et
1030 3418 1154 3484 catalla
1175 3419 1413 3506 fugitivorum,

259 3507 295 3569 ct
319 3503 479 3588 quicquid
503 3503 547 3568 ad
569 3503 701 3590 Regem
726 3503 887 3588 pertinet,
904 3504 998 3569 infra
1018 3505 1212 3572 libertatem
1231 3529 1338 3588 suam,
1354 3529 1414 3593 per

260 3596 372 3656 cartas
386 3591 670 3676 praedecessorum
685 3590 786 3656 istius
801 3590 916 3676 Regis,
933 3591 1067 3677 Regum
1081 3592 1226 3678 Angliee.

325 3737 440 3816 Alina,
455 3758 542 3802 uxor
555 3736 638 3802 Ades
654 3737 696 3802 de
711 3737 866 3817 Plesset',
883 3737 1059 3823 cognoscit
1075 3739 1164 3823 quod
1182 3743 1294 3804 ratam
1308 3740 1413 3807 hebet

262 3824 525 3905 concessionem,
542 3845 654 3910 quam,
671 3823 772 3888 simul
788 3846 863 3889 cum
879 3825 1041 3909 praedicto
1053 3825 1141 3906 Ada,
1153 3827 1225 3892 riro
1241 3847 1313 3908 suo,
1329 3827 1416 3893 fecit

260 3911 435 3977 Willelmo
450 3913 604 3996 Heymn,
621 3911 663 3976 de
679 3933 858 3976 communa
878 3917 1027 3998 pastuum
1043 3934 1111 3978 sua
1126 3913 1162 3976 in
1178 3914 1321 3979 Estcot'.
1367 3916 1414 3980 Et

260 3997 359 4084 ponit
382 3998 456 4065 loco
483 4019 545 4064 suo
568 3998 762 4063 Johanncm
786 3998 828 4064 de
854 3998 1035 4064 Midelton'
1060 3999 1102 4066 de
1128 4001 1293 4085 capiendo
1319 4023 1414 4088 cyro-

260 4085 392 4172 grapho
414 4089 501 4151 suo.⁹
553 4086 599 4150 Et
621 4085 802 4171 pradictus
822 4085 934 4151 Adam
955 4085 1055 4171 ponit
1078 4086 1152 4152 loco
1168 4108 1230 4153 suo
1248 4089 1414 4155 Thomam

261 4174 303 4239 de
432 4173 589 4254 ⁸eadem,
605 4176 670 4238 etc.

294 4359 466 4412 ¹Amistake
479 4361 520 4411 ior
533 4359 628 4424 Roget,
640 4359 724 4412 which
733 4360 755 4412 is
767 4360 812 4411 the
894 4358 969 4412 'See
996 4362 1142 4428 Appendirq
1172 4365 1232 4415 Fcet
1266 4367 1298 4430 of
1330 4364 1415 4424 ntus,

259 4442 334 4479 name
345 4427 422 4493 given
434 4426 462 4478 in
471 4426 517 4477 the
528 4425 593 4478 Fine
605 4427 677 4489 (reae
689 4427 811 4558 οζῑῖκω,
863 4429 1020 4507 Nasones,
1032 4429 1100 4507 Hoc.
1109 4431 1177 4506 JIL,
1188 4429 1215 4482 N
1217 4446 1241 4482 o.
1257 4435 1316 4484 142.

261 4493 416 4555 Nortbmb,
431 4493 494 4544 Hes.
507 4494 573 4557 ΙΠ.,
582 4491 633 4544 No.
646 4495 695 4544 llo
713 4533 719 4546 .
894 4491 1173 4562 ³Blank1nougrnal.
