3264 5110
376 549 490 595 sssrzu
513 549 612 609 aona,
636 550 975 609 ronruurrnnaunrn,
1003 529 1135 606 Tauro.
1161 553 1185 597 1.
1303 530 1365 595 335

274 704 326 770 Dc
342 703 520 771 duodecim
534 705 743 790 juratoribus
758 725 820 791 pro
844 726 879 771 se
895 710 930 770 et
944 708 1019 770 tota
1034 705 1154 770 villata
1169 705 1210 772 dc
1225 706 1292 770 fine
1307 725 1369 790 pro

208 791 463 860 concelamenbo
479 796 515 860 et
530 792 607 858 aliis
622 793 954 879 transgressionibus
970 794 1004 859 xl
1012 793 1050 858 c'.

274 929 396 994 Petrus
423 930 455 994 le
477 929 649 996 Marsohal
674 930 827 1015 queridur
851 932 893 996 de
917 930 1076 998 Johanne
1101 930 1255 998 Gerener
1278 932 1369 1015 quod

208 1017 334 1102 injuste
350 1018 440 1101 cepit
455 1016 498 1081 ab
514 1037 554 1082 eo
569 1022 637 1084 tres
653 1017 753 1082 boves
769 1024 805 1084 et
820 1040 922 1082 unum
939 1039 1084 1098 vaccam,
1109 1021 1144 1084 et
1164 1040 1220 1084 eos
1244 1019 1369 1103 injuste

210 1103 357 1170 detinuit
372 1104 407 1167 in
423 1105 579 1170 custodia
594 1126 656 1170 sua
672 1110 792 1170 contra
807 1105 944 1170 vadium
967 1109 1002 1173 cd
1023 1105 1176 1191 plegium
1199 1106 1243 1170 ud
1266 1127 1368 1191 grave

209 1191 394 1276 dampnum
418 1191 526 1276 ipsius
551 1191 658 1272 Petri,
681 1195 717 1259 et
737 1196 857 1258 contra
873 1213 1000 1278 paoem,
1018 1197 1083 1258 etc.
1130 1193 1177 1256 Et
1193 1194 1368 1258 Johannes

209 1277 305 1344 venir
328 1283 363 1343 et
389 1299 458 1343 non
481 1281 596 1364 potest
619 1279 683 1345 hoc
705 1279 871 1360 dedicere,
895 1280 972 1344 ideo
994 1281 1066 1365 ipsc
1090 1279 1311 1361 custodietur,
1333 1283 1369 1344 et

212 1364 405 1430 satisfaciat
419 1365 580 1451 praedicto
594 1366 697 1434 Petro
713 1367 754 1432 de
770 1366 927 1451 dampnis
944 1366 1025 1448 suis,
1050 1389 1124 1452 quae
1146 1371 1310 1432 taxentur
1325 1367 1368 1431 ad

214 1451 392 1517 dimidiam
406 1453 461 1518 ιη’.
1355 1483 1357 1488 ·

275 1590 327 1656 De
343 1590 529 1676 serjantiia,
551 1596 627 1671 ecc,
642 1591 763 1657 dicunt
784 1593 873 1677 quod
892 1591 1086 1659 Alexander
1106 1593 1148 1658 de
1168 1592 1366 1661 Bradeford¹

171 1752 174 1760 ¹
212 1680 309 1744 cenet
333 1677 447 1742 villam
469 1679 510 1743 de
530 1678 717 1745 Bredeford
741 1679 782 1745 de
807 1679 897 1768 Rege
913 1679 948 1743 in
977 1680 1087 1765 capite
1110 1701 1170 1765 per
1193 1682 1368 1747 servitium

126 1829 132 1848 κ
212 1765 302 1850 quod
324 1764 474 1831 inveniet
497 1765 533 1828 in
554 1766 702 1832 exercitu
724 1787 830 1830 unum
855 1767 1055 1834 seruientem
1080 1768 1238 1835 decenter
1258 1791 1367 1834 arma-

211 1857 307 1932 tum·
323 1857 358 1916 ei
384 1852 464 1919 inde
486 1852 641 1919 alienatae
662 1858 742 1918 sunt
768 1854 892 1938 viginti
915 1860 950 1921 et
975 1857 1122 1939 quatuor
1147 1877 1232 1920 acrae
1258 1859 1367 1939 terroe,

212 1961 296 2024 quas
318 1939 507 2005 Willelmus
530 1939 704 2005 Goldcwin
729 1940 769 2006 de
794 1941 977 2027 Bamburg'
993 1945 1088 2008 tenet
1104 1942 1145 2009 de
1162 1942 1252 2007 dieto
1266 1943 1367 2008 Alex-

214 2027 320 2092 andro
343 2047 404 2111 pro
427 2031 573 2111 quatuor
596 2028 628 2090 d'
643 2049 705 2113 per
719 2049 857 2109 annum,
872 2031 908 2094 et
922 2029 1064 2093 fuerunt
1080 2029 1235 2096 alienatae
1251 2029 1368 2116 xxiiijor

213 2115 313 2178 annis
340 2113 473 2198 elapsis.
531 2115 620 2178 Item
645 2114 766 2180 dicuni
792 2116 882 2199 quod
915 2115 1084 2182 Henricus
1107 2117 1148 2181 de
1172 2115 1368 2196 Mulcsfen‚²

212 2204 308 2266 tenet
342 2199 456 2266 villam
488 2201 530 2266 de
563 2201 745 2267 Mulesfen'
771 2203 812 2268 de
837 2202 972 2268 domino
997 2204 1089 2288 Rege
1111 2205 1146 2268 in
1171 2204 1310 2290 sokugio
1334 2208 1369 2270 ct

185 2292 196 2306 ”
213 2288 331 2355 reddet
344 2288 476 2354 indeed
491 2290 695 2377 scaccarium
718 2289 807 2353 Novi
821 2289 934 2354 Casiri
957 2313 1024 2354 xxx
1035 2292 1072 2370 ι’,
1099 2295 1134 2358 et
1160 2290 1231 2376 xiiij
1247 2292 1279 2371 ᾤ’
1306 2312 1367 2377 pro

212 2375 382 2460 cornagi0,
414 2378 449 2440 et
477 2376 596 2441 reddet
619 2376 688 2440 xlo'
718 2397 778 2461 pro
802 2376 952 2441 muldura
974 2381 1086 2442 castro
1112 2378 1153 2443 de
1169 2377 1365 2464 Bamburg’,

214 2466 249 2527 ed
264 2463 409 2528 cariabit
430 2484 490 2548 per
511 2483 639 2527 annum
666 2463 811 2529 vicissim
836 2486 876 2528 xv
901 2468 1040 2529 truncos
1061 2469 1097 2529 et
1118 2465 1154 2529 in
1177 2469 1367 2552 autumpno

213 2549 318 2614 faciet
344 2571 451 2614 unum
473 2550 659 2635 cariugium
683 2572 759 2615 cum
775 2550 867 2637 xijeim
884 2551 1025 2617 carectis
1049 2552 1092 2616 ad
1115 2551 1252 2617 unicum
1267 2574 1366 2638 pran-

213 2637 307 2700 dium
323 2658 383 2722 per
397 2637 498 2717 diem,
514 2642 549 2702 et
563 2641 670 2702 medei
685 2659 760 2702 oum
776 2638 852 2720 xxvj
870 2637 1065 2703 hominibus
1081 2660 1260 2724 perunum
1277 2640 1367 2705 diem

213 2724 257 2788 ud
287 2745 393 2788 unum
422 2723 603 2810 prandium
623 2724 799 2805 similiter,
830 2729 865 2789 et
895 2725 1023 2790 errabit
1049 2748 1126 2790 cum
1153 2748 1208 2791 sex
1236 2729 1366 2792 eunucis

139 2877 142 2886 ,
214 2812 314 2878 semel
344 2833 405 2897 per
434 2833 572 2891 annum,
607 2816 643 2876 eb
672 2811 768 2877 dabit
790 2812 951 2897 praedicda
973 2813 1053 2877 villa
1075 2814 1283 2898 pannagium
1306 2836 1368 2899 pro

214 2898 324 2984 porois
334 2899 415 2979 suis,
428 2898 486 2982 qui
501 2900 545 2963 ad
559 2899 687 2963 festum
704 2899 835 2965 Sanctae
851 2899 968 2965 Crucis
984 2899 1019 2963 in
1034 2905 1222 2984 autumpno
1238 2901 1368 2967 fuerind

216 2986 446 3070 superannati,
477 2988 512 3052 et
537 3006 598 3072 pro
621 2986 771 3070 quolibet
800 3007 901 3071 porco
921 2987 991 3071 jd’,
1017 2987 1059 3052 ad
1089 2987 1217 3052 festum
1250 2989 1368 3054 Sancti

216 3073 370 3153 Martini,
394 3071 534 3153 scilicet,
563 3094 625 3158 pro
655 3074 765 3157 porois
795 3074 851 3158 qui
881 3077 1027 3158 pascunt
1057 3095 1203 3159 campos,
1230 3075 1367 3141 nomine

214 3161 390 3245 pannagii,
406 3160 650 3245 agistaeoribus
665 3160 795 3224 domini
809 3161 914 3245 Regis
930 3160 970 3227 de
986 3160 1227 3246 Qwitingham.

280 3280 449 3347 Henricus
473 3281 513 3346 de
537 3281 662 3345 Sancto
686 3279 792 3345 Paulo
812 3284 910 3346 tenet
923 3303 1028 3345 unam
1044 3280 1202 3347 bovatam
1218 3288 1316 3348 terrae
1332 3288 1366 3350 et

216 3367 392 3432 dimidiam
417 3367 451 3431 in
477 3367 559 3433 villa
582 3368 623 3432 de
650 3367 829 3448 Bidenhal,
856 3368 1029 3433 residuum
1045 3369 1213 3454 praedictae
1228 3370 1315 3434 villae
1330 3370 1367 3434 in

215 3455 366 3541 sokagio,
394 3461 470 3535 etc,
495 3460 530 3521 et
555 3455 673 3521 reddet
699 3475 758 3539 per
779 3476 907 3519 annum
930 3455 1009 3520 inde
1033 3458 1108 3520 xxc’
1127 3457 1218 3542 apud
1232 3457 1366 3522 Novum

215 3543 373 3608 Castrum
389 3565 450 3627 pro
465 3545 541 3607 tota
555 3542 690 3628 integra
705 3547 739 3608 et
754 3564 824 3627 x111J
836 3543 868 3606 d’
884 3564 946 3627 pro
962 3545 1131 3628 cornagio,
1148 3547 1183 3610 et
1199 3549 1310 3611 castro
1325 3547 1367 3610 de

215 3629 388 3714 Bumburg
416 3651 477 3715 pro
507 3629 656 3694 multura
685 3629 759 3694 vm'
790 3638 826 3694 et
856 3629 999 3695 eariabit
1028 3652 1070 3694 xv
1099 3631 1242 3696 orunkos
1269 3635 1305 3698 et
1330 3631 1366 3696 in

214 3722 401 3802 autumpno
416 3721 523 3781 metet
533 3715 598 3801 'per
613 3716 651 3801 iij
669 3716 741 3783 dies
756 3716 906 3801 quolibet
919 3718 973 3784 die
989 3738 1065 3781 cum
1080 3722 1157 3784 ocio
1173 3719 1367 3784 hominibus

214 3805 258 3868 ad
274 3825 380 3870 unum
401 3803 581 3889 prandium
603 3807 639 3870 et
661 3803 772 3868 arabit
794 3824 870 3869 oum
893 3827 913 3869 x
937 3802 1067 3870 carucis
1086 3806 1130 3869 ad
1145 3827 1249 3870 unum
1265 3829 1367 3891 pran-

215 3891 321 3970 dium,
337 3897 372 3958 et
388 3891 484 3956 dabit
498 3891 709 3976 pannagium
725 3890 814 3956 sicut
829 3891 910 3956 villu
925 3892 966 3958 de
982 3891 1200 3958 Mulesfenn'.

241 4045 396 4111 Vmerus
419 4067 465 4110 na
488 4045 672 4111 Moarsrfl'
696 4066 741 4109 nr
765 4066 873 4109 rsnra
897 4066 1083 4142 oonrrnrus
1106 4068 1206 4112 orrea
1229 4047 1346 4114 Ooxnr

625 4153 729 4196 vuum
751 4153 818 4196 rna
840 4141 943 4200 meu

212 4231 215 4240 ⁴
280 4234 471 4299 Willelmus
488 4235 631 4320 Spurnel
648 4238 683 4301 et
697 4235 877 4316 Robertus,
890 4237 999 4302 frater
1009 4237 1095 4321 ejus,
1108 4239 1368 4305 verberaverunt

213 4323 235 4388 J
237 4323 407 4388 ohannem
423 4323 512 4404 Scot,
529 4323 748 4389 forestarium
763 4323 804 4389 de
819 4323 997 4405 Beleassis,
1014 4327 1063 4390 ita
1084 4327 1174 4409 quod
1189 4325 1282 4392 infra
1297 4331 1367 4393 ores

248 4491 420 4544 ¹Alexandcr
443 4492 475 4544 dc
501 4491 634 4555 Brndford,
663 4509 708 4544 son
737 4494 764 4544 oi
846 4491 1011 4560 ²chrydc
1026 4495 1157 4547 Mulcsien
1175 4512 1220 4548 son
1239 4498 1290 4549 und
1311 4498 1368 4552 heir

213 4559 285 4616 John
297 4561 328 4614 dc
339 4559 465 4612 Braurord
484 4559 553 4627 (Col.
568 4561 638 4623 Gen,
650 4558 667 4611 i.
681 4563 751 4624 120).
813 4561 841 4612 oi
852 4561 945 4630 chry
956 4562 987 4614 do
1000 4561 1130 4614 Mulesicn
1144 4565 1227 4628 ubic,
1239 4567 1308 4629 129).
