3264 5110
281 477 345 542 318
455 499 569 544 sesne
593 499 689 559 sonu,
715 478 1085 560 rossemanum?
1108 499 1197 546 nnw.
1221 501 1246 546 1.

283 658 436 744 praedicti
454 658 617 724 willelmi
641 659 682 723 de
708 658 843 724 Bolton’
859 659 917 723 xix
933 659 976 725 d’.
1022 659 1068 724 Et
1084 658 1207 726 villatoe
1223 659 1265 724 de
1287 659 1436 725 Prande-
1621 543 1624 692 i

285 744 395 823 wick‚¹
416 745 580 826 Faudon’,
597 750 632 811 et
647 746 847 832 Angraham
862 745 951 811 falso
966 745 1247 864 appreciaverunt
1272 746 1437 832 predicta

283 833 408 898 catalla
422 833 574 918 praedicti
598 834 747 913 Thomas,
763 833 839 898 ideo
865 835 901 896 in
927 833 1014 900 mis.
1061 833 1195 899 Gatalla
1221 833 1321 898 Lioni
1345 834 1434 898 xvs’.

285 919 408 987 Postea
431 922 601 1006 juratores
617 921 736 986 dicunt
751 921 839 1004 quod
854 919 1034 1004 pradictus
1049 921 1177 986 Lionus
1192 943 1262 986 non
1277 920 1435 986 malcere-

285 1007 390 1086 ditnr‚
406 1007 482 1072 ideo
504 1008 621 1072 redeat
644 1008 673 1072 si
697 1007 850 1073 voluerit.
896 1007 985 1072 Item
1008 1008 1179 1093 juratores
1202 1008 1321 1073 dicunt
1345 1008 1434 1093 quod

283 1094 463 1179 praedictus
494 1094 686 1160 Willelmns
717 1115 785 1158 non
823 1093 1070 1160 maleereditur.
1131 1094 1213 1160 Ideo
1250 1096 1367 1160 redeat
1405 1094 1434 1159 si

285 1181 439 1246 voluerit.
486 1181 620 1247 Catalla
634 1181 787 1267 praedicti
810 1181 937 1266 Rogeri
950 1182 1006 1245 va'
1018 1183 1032 1266 j
1046 1183 1147 1248 d'ob’.
1194 1182 1328 1247 Catella
1351 1203 1434 1266 prse-

285 1267 369 1333 dicti
404 1269 545 1334 Mathaei
569 1269 616 1354 vij
631 1270 656 1332 s’
683 1269 754 1354 jn’.
809 1269 942 1334 Catella
970 1269 1123 1354 praedioti
1156 1269 1315 1334 Nicholai
1341 1269 1383 1354 xij
1396 1271 1433 1336 s’.

287 1354 420 1421 Ostalla
435 1357 587 1441 praedicti
602 1357 623 1420 J
625 1355 744 1421 ordeni
759 1354 852 1422 alibi.

272 1559 275 1566 ·
350 1543 454 1629 Hugo
484 1544 515 1609 le
538 1544 669 1609 Messer
694 1543 820 1609 oceidit
841 1543 1028 1609 Robertum
1054 1542 1151 1608 Oolet
1171 1543 1206 1606 in
1228 1543 1434 1611 Karleton'.²

284 1631 331 1696 nt
345 1632 450 1716 Hugo
466 1631 584 1696 statim
600 1635 720 1716 captus
735 1631 805 1694 fuit
831 1634 866 1696 et
891 1630 1123 1715 inprisonatus
1150 1630 1240 1715 apud
1256 1631 1433 1697 Charlton'

283 1723 319 1785 et
344 1719 387 1783 ab
410 1718 528 1783 eadem
552 1719 689 1803 prisona
715 1717 833 1798 evasit,
849 1718 926 1782 ideo
953 1717 997 1782 ad
1019 1717 1185 1802 judicium
1212 1717 1253 1784 de
1278 1720 1433 1785 evasione

284 1826 400 1957 {titt
414 1804 1434 1978 {tinto{¹2{tittn&innittentemtt

283 1979 401 2045 villata
417 1978 476 2064 viij
492 1979 527 2042 li'
543 1999 604 2064 pro
619 1979 780 2064 praedicta
805 1978 971 2054 evasione,
988 1978 1064 2044 ideo
1081 1978 1269 2044 Willelmus
1286 1980 1431 2060 Lokard,

282 2067 381 2132 heres
396 2067 548 2151 praedicti
562 2065 713 2145 Roberti,
729 2067 933 2151 respondeat
948 2066 989 2130 <le
1005 2067 1141 2131 eisdem.
1187 2067 1233 2131 Et
1249 2067 1329 2150 quia
1350 2090 1432 2152 prse-

283 2153 394 2219 dictus
413 2155 515 2239 Hugo
530 2152 767 2219 malecreditur
790 2153 832 2218 de
856 2158 964 2218 morte
990 2154 1161 2238 predicta,
1177 2152 1254 2218 ideo
1277 2154 1433 2240 exigatur

283 2243 318 2305 et
333 2241 518 2324 utlagetnr.
564 2239 697 2305 Catella
721 2242 794 2325 cjus
819 2239 897 2325 xviij
910 2240 936 2303 s'
953 2239 999 2325 vij
1013 2241 1046 2304 d'
1062 2241 1120 2321 ob’,
1138 2241 1227 2306 unde
1251 2241 1432 2308 vicecomes

281 2327 494 2412 respondeat.

349 2507 465 2572 Simon
481 2507 522 2575 de
538 2505 774 2592 Trikelington
799 2505 922 2572 cecidit
937 2505 978 2570 de
995 2507 1139 2591 quodam
1155 2529 1242 2591 equo
1257 2507 1294 2572 in
1309 2531 1432 2595 aquarn

283 2596 325 2660 de
340 2595 520 2662 Alneburn'
536 2599 571 2659 et
586 2594 791 2659 submersus.
823 2593 945 2657 Nullus
960 2593 1039 2660 inde
1056 2594 1302 2662 malecreditur.
1336 2599 1356 2660 J
1358 2598 1431 2662 udi·

283 2684 385 2762 cium‚
408 2681 648 2783 infortunium.
714 2680 869 2746 Precium
894 2681 972 2781 equi
997 2680 1050 2766 iiij
1064 2681 1105 2782 s',·
1128 2683 1219 2783 unde
1247 2684 1431 2751 vicecomes

282 2767 1432 2940 ttttttttittttt{tit{ttttrtttfftnfitttfflet

347 3046 458 3110 Adam
480 3044 610 3109 Arthur
631 3044 671 3109 dc
700 3043 893 3108 Hilderton'
918 3043 1043 3109 occidit
1073 3043 1237 3110 Thomam
1264 3046 1431 3112 Molendi·

283 3135 415 3199 narium
446 3136 481 3199 et
507 3131 625 3197 statim
649 3131 743 3216 fugit
773 3135 808 3195 et
837 3129 1086 3212 malcoreditur‚
1112 3131 1189 3198 ideo
1219 3133 1375 3219 exigatur
1396 3139 1432 3202 et

282 3221 466 3306 utlagetur.
512 3218 645 3284 Catella
668 3218 793 3302 xxxviij
806 3217 831 3280 a'
848 3217 897 3302 iiij
911 3218 954 3298 d',
975 3219 1066 3284 unde
1090 3220 1271 3286 vicecomes
1295 3243 1430 3307 respon-

283 3310 372 3373 deat.
419 3308 465 3371 Et
479 3305 603 3378 villatas
619 3306 660 3370 de
683 3304 892 3386 Hilderton,⁸
913 3305 1057 3386 Rodum,
1074 3309 1107 3370 et
1123 3306 1314 3374 Middelton
1331 3309 1431 3374 Suth’

281 3395 370 3460 falso
387 3393 663 3480 appreciaverunt
678 3391 988 3478 praedicassemus,
1005 3392 1080 3458 ideo
1096 3393 1132 3456 in
1148 3394 1234 3459 mis’.

346 3567 457 3631 Adam
476 3566 518 3631 de
546 3566 686 3631 Halton’
704 3564 884 3651 sagittavit
910 3566 1091 3650 Hugonem
1106 3566 1226 3632 Water
1250 3566 1286 3630 in
1314 3588 1432 3654 campo

282 3653 324 3718 dc
349 3654 485 3720 Lcwick
505 3654 556 3718 ita
576 3654 666 3739 quod
692 3654 771 3717 inde
792 3651 887 3717 obiit.
934 3652 980 3715 Et
1001 3652 1112 3716 Adam
1136 3654 1254 3718 statim
1280 3654 1431 3738 fugitet

281 3741 530 3895 ffissfdiwr'
561 3741 637 3806 ideo
675 3741 834 3826 exigatur
863 3742 899 3804 et
928 3738 1114 3824 utlagetur.
1174 3739 1280 3806 Nulla
1310 3742 1430 3809 habuit

346 4001 533 4067 Nicholaus
557 3999 647 4064 filius
673 3998 816 4064 Andreae
843 3997 884 4065 de
902 3997 1076 4064 Lileburn’
1093 4000 1218 4065 occidit
1246 4001 1431 4067 Robcrtum

282 4090 324 4156 de
339 4090 484 4154 Karton’
501 4091 536 4153 et
552 4089 668 4152 statim
692 4086 786 4172 fugit
806 4089 842 4150 et
866 4085 1113 4166 malecreditur,
1129 4087 1205 4153 ideo
1220 4089 1378 4175 exigatur
1397 4096 1432 4157 et

283 4177 466 4264 utlagetur.
527 4173 659 4240 Oatalla
689 4173 765 4258 ejus
795 4174 848 4258 xvj
862 4174 888 4236 s'
919 4174 948 4258 vj
963 4173 1007 4253 d’,
1037 4174 1126 4240 unde
1163 4175 1345 4242 vicecomes
1380 4199 1430 4243 re-

318 4355 326 4388 ¹
343 4354 504 4418 Prendvviok,
516 4353 636 4418 Fandon,
647 4353 698 4405 and
713 4351 829 4418 Ingram.
914 4351 925 4383 ³
941 4353 1067 4416 Ilderton‚
1080 4353 1204 4422 Reddam,
1212 4355 1262 4409 and
1271 4355 1354 4411 South
1363 4356 1431 4412 Mid-

283 4420 462 4544 Psriffissibly
481 4421 606 4475 Chariton
627 4419 656 4474 in
677 4420 829 4486 Ellingham
880 4419 975 4476 oleron.
