3280 5112
344 576 457 624 seems
479 576 578 640 noun,
603 577 941 638 rosusuusssmun,
966 557 1009 622 40
1032 577 1194 622 sss.111.
1306 555 1343 620 11

264 731 361 798 Idem
391 731 576 813 Gilbertus,
614 731 674 817 qui
719 731 803 798 tulit
837 733 938 799 breve
986 751 1103 797 versus
1148 729 1347 817 pradictum

197 817 391 885 Johannem
419 820 460 885 de
490 820 673 886 medietate
711 820 938 906 quadraginta
978 839 1133 885 acrarum
1166 822 1265 884 terrae
1312 821 1348 882 et

199 910 345 990 quatuor
369 927 523 972 acrarum
546 907 638 992 prati
665 905 983 993 compertinentiis
1008 906 1045 970 in
1070 903 1237 986 Milden',¹
1253 905 1348 970 venit

199 995 235 1056 et
249 993 395 1058 retraxit
421 1013 466 1059 se.
512 994 596 1061 Ideo
619 994 692 1079 ipse
716 998 752 1060 et
775 993 882 1080 plegii
906 994 960 1059 sui
985 994 1026 1059 de
1052 993 1285 1080 prosequendo
1310 991 1348 1055 in

199 1079 286 1162 mis',
303 1078 443 1164 scilicet,
459 1081 630 1147 Robertus
646 1082 677 1148 le
693 1082 844 1148 Chaurer
859 1085 895 1149 et
909 1082 1096 1147 Edwardus
1112 1082 1154 1146 de
1169 1078 1347 1167 Treppell'.

263 1217 325 1283 Iro
340 1217 430 1284 filius
446 1219 629 1303 Radulphi,
653 1219 710 1303 qui
736 1218 818 1284 tulit
842 1219 942 1285 breve
967 1219 1081 1285 assisa
1106 1217 1227 1284 mortis
1251 1221 1348 1283 ante-

199 1303 341 1371 cessoris
356 1327 471 1372 versus
486 1306 508 1372 J
510 1306 679 1372 ohannem
696 1306 803 1370 filium
819 1305 986 1372 Wilielmi
1000 1307 1042 1371 de
1058 1328 1128 1372 una
1146 1307 1231 1371 roda
1249 1310 1348 1372 terrae

199 1413 282 1544 es
310 1391 597 1567 bittit?
612 1393 1347 1566 distetisset?metetis

199 1566 370 1632 moesus
414 1568 487 1632 uos
535 1569 576 1633 a
621 1567 888 1670 Newebiggtnge
936 1572 971 1633 a
1017 1531 1211 1633 wiliermts
1254 1567 1346 1632 finus

198 1653 399 1741 Rannulphi
437 1655 478 1722 de
515 1655 642 1720 eadem.
699 1654 810 1740 Plegri
846 1654 962 1720 Ivonis
1001 1655 1042 1721 de
1078 1655 1168 1736 mis',
1203 1654 1344 1736 scilicet,

198 1740 374 1842 iohannes
390 1741 481 1807 filius
496 1742 605 1810 Mawe
620 1749 655 1808 et
669 1741 864 1808 Willelmus
886 1742 977 1808 filius
1000 1741 1144 1808 Roberti
1165 1742 1207 1807 de
1228 1743 1346 1809 Newe·

199 1827 372 1916 besiese·

263 1955 384 2021 Assisa
420 1955 516 2020 venit
551 1953 770 2040 recognitura
808 1956 838 2021 si
875 1955 1048 2022 cristiana
1085 1957 1155 2022 filia
1181 1957 1275 2042 Elyae
1304 1957 1346 2022 de
1414 1974 1419 1988 ·

199 2042 338 2128 Hetpol'
355 2048 464 2110 mater
478 2041 643 2108 Willolmi
657 2043 850 2108 (luminans
872 2043 943 2108 fuit
965 2043 1093 2126 seisita,
1118 2043 1153 2109 in
1177 2043 1347 2110 dominico

200 2151 261 2195 suo
275 2133 316 2195 ut
332 2129 373 2197 de
388 2129 500 2211 feodo,
516 2131 558 2196 de
570 2130 746 2196 duodecim
771 2131 859 2196 acris
881 2137 980 2196 terrae
1003 2134 1039 2196 et
1060 2153 1131 2197 una
1154 2153 1233 2197 ocra
1253 2131 1345 2218 prati

199 2217 508 2302 compertinentiis
524 2218 561 2281 in
576 2218 742 2304 Hetpol’‚8
758 2218 812 2284 die
837 2239 902 2304 quo
924 2218 1021 2299 obiit,
1038 2223 1101 2285 etc.
1147 2220 1193 2283 Et
1216 2219 1257 2300 si,
1281 2223 1345 2286 etc.

199 2304 282 2385 Quae
297 2305 468 2371 Patricius
484 2303 525 2371 de
542 2303 677 2369 Lonnes
695 2310 731 2372 et
754 2305 869 2391 Agnes
893 2327 979 2370 uxor
1002 2304 1079 2390 ejus
1104 2309 1234 2372 tenent.
1280 2306 1348 2387 Qui

199 2393 343 2457 veniunt
368 2396 404 2460 et
440 2394 563 2458 vocant
599 2391 680 2457 inde
718 2391 761 2458 ad
790 2397 979 2460 warentum
1019 2393 1209 2458 Robertum
1238 2394 1347 2458 filium

199 2479 336 2545 'Phomae
351 2480 392 2546 de
407 2479 558 2564 Hetpol'‚
572 2478 630 2564 qui
644 2501 792 2564 praesens
808 2484 862 2546 est
877 2486 912 2544 et
927 2481 975 2545 eis
989 2481 1201 2560 warantizat,
1213 2485 1247 2545 et
1263 2481 1347 2546 dicit

198 2567 288 2650 quod
303 2567 410 2633 assisa
433 2567 512 2634 inde
535 2588 605 2632 nou
627 2567 728 2634 debet
752 2567 838 2647 fieri,
854 2566 934 2652 qnia
959 2566 1044 2632 dicit
1074 2568 1163 2652 qnod
1183 2569 1347 2652 praedicta

199 2652 382 2736 Oristiana,
413 2654 455 2719 de
484 2654 580 2740 cujus
606 2657 716 2719 morte
743 2655 850 2719 assisa
872 2655 1048 2719 arrainata
1071 2658 1134 2735 est,
1165 2676 1235 2720 non
1261 2656 1347 2721 obiit

200 2741 314 2807 seisita
342 2743 383 2809 de
408 2739 580 2828 praedictis
606 2744 701 2806 terra
725 2747 760 2806 et
783 2745 882 2826 prato
906 2741 941 2805 in
968 2741 1137 2807 dominico
1165 2763 1227 2807 suo
1250 2748 1290 2807 ut
1306 2744 1348 2808 de

198 2828 312 2893 feodo.
358 2829 468 2893 Immo
495 2828 580 2894 dicit
603 2828 693 2913 quod
717 2827 792 2914 ipsa
816 2829 931 2894 tenuit
956 2829 1153 2914 praedictam
1170 2833 1297 2895 terram
1312 2833 1348 2896 et

198 2918 336 3000 pratum
373 2937 413 2981 ex
454 2915 652 2981 dimissione
690 2916 866 3000 cujusdam
906 2917 1044 2982 Thomee
1081 2915 1202 2981 fratris
1239 2917 1346 3002 ipsius

201 3002 380 3069 Cristianae
411 3003 454 3070 ad
484 3003 669 3068 terminum
695 3001 773 3069 vitre
796 3003 903 3089 ipsius
929 3002 1109 3070 Oristianee
1135 3007 1285 3085 tanturn,
1313 3007 1349 3069 et

199 3090 291 3175 quod
305 3089 357 3155 ita
371 3090 417 3156 sit
432 3091 532 3176 pouit
549 3111 585 3156 se
600 3110 701 3175 super
716 3087 868 3156 assisam.

264 3176 287 3242 J
289 3182 443 3244 oratores
456 3176 577 3244 dicunt
592 3177 681 3262 quod
696 3177 861 3262 praedicta
875 3176 1048 3243 Oristiana
1064 3176 1151 3243 obiit
1167 3178 1296 3260 seisita‚
1312 3179 1346 3243 in

200 3265 371 3331 dominico
393 3286 454 3331 suo
477 3269 517 3330 ut
539 3265 580 3331 de
606 3263 719 3345 feodo,
743 3265 784 3330 de
806 3265 967 3350 praedicto
990 3268 1185 3331 tenemento
1215 3271 1350 3352 etpost

200 3352 396 3434 terminum,
419 3356 482 3419 etc.
528 3352 575 3418 Et
598 3352 686 3435 quod
709 3351 890 3438 pradictus
914 3351 1106 3418 Willelmus
1128 3353 1350 3438 propinquior

200 3439 298 3505 heres
321 3443 384 3523 est,
408 3444 474 3506 etc.
518 3440 564 3505 Et
589 3439 665 3504 ideo
695 3439 945 3506 consideratum
968 3441 1133 3524 estquod
1167 3441 1349 3527 praedictus

201 3526 393 3594 Willelmus
431 3531 610 3614 recuperet
656 3526 816 3592 seisinam
863 3549 959 3592 suam
996 3547 1112 3592 versus
1149 3527 1350 3613 praedictum

201 3613 389 3679 liebertum
405 3613 446 3681 de
465 3615 630 3715 praedicto
653 3616 861 3680 tenemento.
906 3614 953 3678 Et
976 3613 1158 3698 praedictus
1181 3615 1350 3680 Robertus

201 3700 238 3764 in
253 3701 341 3782 mis’,
356 3705 391 3769 et
405 3703 493 3767 fac1t
507 3699 714 3768 escambium
729 3700 900 3786 praedictis
920 3701 1071 3767 Patricio
1087 3703 1123 3766 et
1146 3705 1281 3786 Agnete
1307 3703 1352 3767 ad

201 3788 397 3940 Latentiam,
428 3793 493 3856 etc.
552 3784 691 3872 Plegius
728 3789 871 3855 Roberti
908 3789 950 3855 de
986 3788 1061 3853 mis'
1099 3789 1270 3855 Patricius
1308 3790 1349 3856 de

253 3896 349 3941 nnes.

267 4004 366 4071 Prior
381 4006 422 4073 de
437 4005 647 4092 Hakyland’e
668 4004 729 4070 dat
749 4005 845 4069 11⁸¹s'
868 4023 930 4090 pro
956 4003 1097 4070 licentia
1123 4006 1351 4072 concordandi

204 4115 281 4158 cum
296 4092 469 4158 Willelmo
485 4094 527 4160 dc
542 4093 726 4181 Gopeland’
742 4094 778 4158 et
791 4093 927 4178 Agnete
942 4113 1047 4157 uxore
1062 4091 1148 4178 ejus,
1166 4093 1208 4158 de
1222 4092 1350 4178 placito

203 4184 313 4262 terrae,
329 4184 394 4248 etc.
440 4181 486 4246 iit
501 4180 650 4247 habeant
666 4180 924 4267 cyrographum.

236 4309 245 4342 ¹
263 4310 377 4364 Meldou.
802 4307 928 4361 Bolcsdon
945 4309 1061 4361 between
1079 4307 1195 4360 William
1213 4309 1245 4362 (16
1265 4311 1351 4378 Coup-

235 4375 246 4407 ²
263 4377 421 4444 Newbiggiu
432 4376 460 4429 in
472 4377 623 4429 Woodhorn
638 4373 740 4428 Parish.
802 4375 862 4427 land
873 4376 924 4427 sud
941 4375 1060 4438 Thomas,
1071 4374 1149 4427 Prior
1157 4377 1186 4426 ot
1204 4375 1351 4432 Halielaud.

236 4441 452 4510 'Heathpoolin
465 4443 637 4496 Kirknewton
650 4442 751 4496 Partsh.
804 4441 851 4494 bes
891 4441 934 4507 Ap
966 4439 1037 4506 ndix,
1091 4439 1152 4494 Fert
1196 4443 1227 4506 of
1267 4443 1352 4510 itan,

236 4509 463 4564 ⁴Amistsketor
482 4511 613 4577 Halylsnd
632 4520 661 4562 or
681 4501 753 4576 Holy
804 4505 872 4561 Nori
947 4547 961 4572 .,
974 4504 1179 4574 sarzano.
1193 4507 1250 4564 127.

203 4575 298 4630 Istrnd.
333 4577 389 4631 rho
411 4577 504 4630 fineis
525 4591 552 4630 as
576 4579 605 4630 to
626 4572 700 4630 bnis
724 4576 753 4629 in
