3272 5092
262 514 327 578 268
436 534 552 580 sssrsn
576 533 676 594 9999,
699 531 1038 592 99999999999999,
1063 509 1081 576 7
1106 530 1192 576 unu.
1216 531 1240 574 11.

262 688 387 773 optulit
401 709 437 754 se
453 687 530 772 iiijto
556 688 610 752 (119
637 708 751 753 versus
776 686 988 753 Willelmum
1003 685 1045 751 (19
1061 683 1211 750 Colevill'
1228 684 1271 749 de
1285 682 1414 769 placito

261 777 351 860 quod
367 781 455 842 esset
470 777 527 840 hic
542 776 585 840 ad
600 775 693 841 hunc
708 775 799 840 diem
811 775 856 839 ad
867 772 1174 838 warrantizandum
1191 771 1222 838 ei
1238 769 1414 836 dimidiam

261 869 453 928 carucatam
484 868 583 927 terra
612 883 688 927 cum
719 861 937 949 pertiuentiis
966 861 1004 924 iu
1041 858 1340 925 Northedsrsford’
1375 857 1412 920 iu

262 951 427 1015 comitatu
456 951 634 1029 Cumbriae,
672 971 773 1034 quam
810 950 984 1015 Johennes
1020 947 1111 1011 filius
1149 944 1344 1030 Randulphi
1381 944 1414 1008 le

263 1037 406 1101 Mouner
422 1037 568 1103 incuria
583 1037 688 1120 Regis
712 1037 766 1102 hic
782 1035 909 1102 clamat
934 1041 974 1100 ut
995 1036 1052 1119 jus
1079 1055 1179 1099 suum
1194 1054 1310 1098 versus
1325 1052 1412 1096 eum.

261 1124 309 1188 Et
325 1125 414 1189 unde
429 1123 518 1190 idem
534 1123 738 1204 willelmus,
755 1129 819 1189 eto.
864 1124 910 1187 llt
936 1122 1008 1207 ipse
1030 1143 1100 1186 999
1115 1120 1218 1186 venit.
1265 1120 1311 1184 Et
1333 1139 1415 1204 prae-

264 1215 399 1296 ceptum
416 1211 487 1276 fuit
503 1211 693 1276 vicecomiti
709 1211 798 1295 quod
814 1209 1038 1276 summoniret
1053 1229 1130 1273 eum
1146 1207 1235 1292 quod
1254 1211 1345 1273 esset
1359 1204 1416 1270 hic

201 1306 203 1310 ’
263 1298 306 1362 ad
334 1298 426 1362 hunc
452 1299 551 1364 diem.
597 1299 644 1362 Et
670 1298 854 1364 vicecomes
879 1297 966 1362 nihil
996 1296 1077 1361 inde
1103 1295 1199 1375 lecit,
1226 1315 1288 1359 999
1317 1294 1415 1358 breve

263 1385 368 1450 misit.
414 1387 496 1451 Ideo
512 1386 601 1451 sicut
615 1385 710 1470 prius
725 1388 931 1471 praeceptum
946 1387 1000 1450 est
1015 1383 1205 1449 vicecomiti
1221 1383 1310 1467 quod
1326 1401 1415 1445 sum-

168 1509 175 1522 ·
263 1473 395 1537 moniat
418 1493 496 1538 eum
521 1472 610 1556 quod
637 1473 683 1538 sit
707 1474 796 1557 apud
819 1472 975 1558 Appelby
990 1471 1027 1534 in
1050 1469 1218 1535 comitatu
1232 1471 1415 1534 Westmer-

262 1559 385 1625 landiae
411 1583 432 1626 a
457 1561 512 1625 die
526 1561 665 1626 Pascha
688 1560 725 1623 in
750 1581 854 1624 unum
882 1579 1042 1625 mensem.
1088 1557 1134 1622 Et
1157 1557 1342 1622 vicecomes
1369 1554 1415 1620 sit

263 1647 470 1713 audiendum
484 1647 662 1733 judicium,
677 1657 741 1714 etc.

329 1802 758 1868 Westmerl’.-J0hannes
782 1803 863 1887 Pye‚
887 1800 1076 1866 essoniator
1102 1799 1249 1866 Walteii
1272 1799 1416 1883 Baynes,

265 1890 391 1975 optulit
407 1912 442 1955 se
457 1889 535 1975 iiijto
550 1889 604 1954 die
627 1911 742 1955 versus
764 1889 786 1954 J
789 1890 957 1954 ohannem
981 1889 1021 1953 (19
1049 1887 1259 1952 Kernesford
1284 1891 1319 1950 et
1333 1885 1415 1950 Avi-

265 1977 363 2056 oiam,
382 1998 521 2043 uxorem
547 1977 634 2061 ejus,
661 1978 702 2042 de
729 1977 855 2061 placito
881 1977 993 2040 tertiae
1018 1975 1126 2059 partis
1150 1974 1253 2039 unius
1278 1972 1361 2037 tofti
1382 1977 1417 2039 et

265 2064 388 2149 viginti
405 2069 439 2129 et
454 2069 599 2148 quatuor
614 2085 768 2128 acrarum
791 2067 889 2129 terrae
911 2085 989 2129 cum
1014 2061 1234 2147 pertinentiis
1256 2061 1292 2123 19
1315 2060 1417 2125 Bere·

265 2153 372 2216 burne
388 2173 489 2235 quam
505 2150 606 2216 iidem
622 2150 798 2216 lohannes
814 2153 850 2214 et
864 2149 976 2214 Alicia
994 2151 1062 2232 (sic)
1081 2148 1229 2214 clamant
1245 2147 1281 2210 in
1302 2148 1417 2212 dotem

265 2239 370 2323 ipsius
386 2239 505 2303 Alieiae
520 2259 637 2302 versus
654 2239 799 2302 eundem
812 2236 1012 2302 Walterum.
1053 2236 1097 2302 Et
1107 2236 1173 2321 ipsi
1183 2257 1252 2299 non
1263 2234 1414 2314 veniunt,

265 2333 301 2391 et
311 2327 454 2390 fuerunt
469 2329 638 2410 petentes.
670 2325 753 2389 Ideo
768 2325 950 2409 praedictus
966 2324 1157 2389 essoniator
1170 2322 1250 2388 inde
1262 2322 1335 2386 sine
1351 2321 1417 2401 die,

266 2419 301 2478 et
316 2413 469 2498 praedioti
484 2413 506 2477 J
509 2412 661 2478 ohannes
677 2418 711 2478 et
728 2411 857 2490 Aviola,
874 2415 909 2477 et
924 2411 1030 2496 plegii
1046 2411 1100 2476 sui
1121 2411 1162 2474 de
1185 2409 1417 2495 prosequendo

265 2500 302 2563 in
329 2500 414 2579 mis’,
431 2499 573 2579 scilicet,
590 2499 738 2564 Thomas
763 2501 805 2564 de
830 2499 962 2564 Burton
988 2498 1030 2563 de
1056 2496 1211 2562 Kendale
1237 2499 1273 2561 et
1287 2494 1418 2561 Alenus

265 2586 442 2652 Braoiator
457 2587 583 2672 Rogeri
600 2587 641 2652 de
656 2586 800 2667 Burton,
816 2591 881 2652 etc.

330 2757 738 2824 Oumbr’.-Baldewinus
770 2757 880 2822 Wake
909 2755 999 2841 petit
1023 2776 1139 2821 versus
1165 2754 1351 2820 Robertum
1375 2753 1417 2818 (19

265 2846 450 2911 Muloastre
480 2846 625 2930 triginta
651 2865 746 2909 acras
771 2850 870 2910 terrae
906 2848 941 2908 et
975 2841 1164 2926 quindecim
1201 2862 1295 2907 aeras
1316 2837 1420 2925 ¹preti

266 2933 575 3017 compertinentiis
590 2932 627 2995 in
643 2931 807 2996 Stubhill'
823 2935 864 2994 ut
878 2931 934 3014 jus
950 2951 1060 3009 suurn,
1077 2933 1142 2994 etc.
1175 2928 1221 2993 Et
1235 2928 1416 3008 Robortus,

265 3041 324 3104 per
340 3023 549 3084 attornatum
568 3041 677 3098 suurn,
695 3018 799 3097 venit,
812 3025 847 3082 et
856 3017 940 3081 alias
955 3023 1052 3081 vocat
1063 3017 1143 3080 inde
1156 3016 1199 3080 ad
1212 3019 1419 3079 warrantum

266 3107 469 3172 Nicholaum
495 3107 603 3170 filium
630 3105 788 3171 Nicholsi
813 3105 846 3168 le
872 3104 1006 3184 sauses,
1035 3103 1093 3188 qui
1117 3104 1217 3168 modo
1243 3101 1336 3167 venit
1359 3123 1421 3187 per

266 3194 563 3258 summonitionem
586 3199 621 3257 et
648 3193 679 3257 ei
695 3191 923 3272 warrantizat,
939 3195 974 3254 et
989 3195 1089 3255 vocat
1114 3189 1193 3254 inde
1215 3189 1359 3255 ulterius
1376 3190 1420 3252 ad

266 3285 472 3345 warrantum
510 3281 680 3365 cherum
719 3280 750 3343 le
788 3279 917 3363 Bygod‚
948 3278 1115 3342 Comitem
1146 3276 1341 3342 Norffolciae
1384 3280 1419 3340 et

265 3368 503 3432 Marescallum
519 3367 673 3452 Angliae3
690 3367 815 3431 habeat
828 3387 906 3430 eum
918 3364 1007 3449 apud
1022 3364 1212 3430 Eboracum
1227 3363 1264 3427 in
1276 3361 1418 3429 Octabis

267 3457 399 3520 Sanctae
414 3455 594 3519 Trinitatis
610 3476 670 3539 per
692 3453 856 3517 auxilium
881 3455 991 3518 curiae.
1037 3453 1083 3515 nt
1110 3451 1358 3516 summoniatur
1379 3449 1417 3513 19

266 3543 433 3608 comitatu
447 3542 600 3607 Eboraci.
646 3542 692 3605 nt
706 3539 893 3606 Nicholaus
916 3539 1016 3625 ponit
1038 3539 1112 3604 loco
1128 3560 1189 3604 suo
1206 3536 1416 3603 Willelmurn

267 3630 309 3694 de
325 3629 532 3714 Moresceby.

332 3813 725 3880 Westmrl'.—Bertinus
741 3813 783 3878 de
798 3813 820 3878 J
823 3812 930 3897 oneby
947 3811 1074 3896 optulit
1090 3809 1219 3896 991111ιο
1235 3811 1288 3878 (119
1303 3831 1420 3876 versus

267 3906 452 3971 Robertum
470 3903 511 3966 de
525 3901 559 3964 la
572 3902 691 3967 Fertee
701 3901 743 3966 de
752 3900 880 3986 placito
892 3901 983 3985 quod
993 3904 1082 3964 esset
1094 3898 1151 3964 hie
1166 3899 1209 3962 ad
1224 3899 1316 3963 hunc
1332 3897 1421 3978 diem

267 3993 310 4056 ad
326 3989 614 4054 warantizandum
638 3989 669 4052 ei
692 4009 906 4053 communem
931 3988 967 4050 in
992 3986 1150 4051 ducentis
1166 3985 1252 4051 acris
1268 4006 1370 4050 morse
1386 3989 1422 4051 et

266 4079 355 4143 vasti
380 4077 424 4141 ad
449 4076 563 4140 omnia
587 4076 711 4154 averia,
727 4096 788 4159 per
809 4080 922 4139 totum
947 4095 1086 4151 annum,
1102 4074 1192 4139 unde
1216 4073 1364 4138 Thomas
1381 4073 1422 4138 de

266 4164 505 4249 Newbigging'
522 4163 676 4247 queritur
690 4162 778 4246 quod
791 4162 973 4247 praediotus
989 4161 1150 4226 Bertinus
1167 4159 1297 4246 injuste
1313 4158 1422 4245 exigit

266 4273 478 4318 communem
494 4250 531 4313 in
545 4249 717 4334 praedictis
733 4249 887 4314 ducentis
906 4248 993 4313 acris
1010 4253 1168 4333 pastura,
1184 4247 1317 4313 desicut
1333 4247 1421 4313 idern

265 4341 412 4404 Thomas
440 4337 569 4402 nullam
595 4338 699 4401 habet
724 4357 939 4401 communem
966 4334 1002 4399 in
1027 4342 1120 4400 terra
1142 4335 1249 4419 ipsius
1276 4333 1421 4415 Bertini,

265 4427 415 4580 {titt
430 4423 1422 4598 111111111111(1111111191111111111111

407 4561 417 4594 ‚
490 4560 498 4576 .
894 4561 902 4577 .
1416 4555 1424 4575 .
