3264 5110
376 556 490 601 sssran
513 556 612 618 noan,
635 555 973 617 nonrnnnnnnnsun,
999 535 1017 600 7
1040 556 1127 601 ιιιιιι.
1152 555 1176 601 1.
1295 533 1358 598 319

206 710 382 793 spondeat.
429 711 475 777 nt
491 710 615 777 villatse
633 711 674 778 de
700 705 1358 795 Lileburn’,1'chann’,0hevelingham

206 817 274 862 non
290 802 456 864 venerunt
470 798 569 883 plene
584 798 628 864 ad
643 798 910 884 inquisitionem,
926 799 1002 864 ideo
1017 796 1053 862 in
1069 797 1155 862 mis’.

272 970 461 1036 Willelmus
488 970 649 1037 Coleman
673 971 798 1036 occidit
825 971 1012 1036 Henrioum
1040 971 1080 1035 de
1109 969 1301 1036 Hilderton’
1326 972 1360 1033 et

209 1058 329 1122 statim
345 1061 464 1144 captus
478 1057 557 1123 fuit
603 1059 649 1122 Et
664 1063 793 1159 postea·
797 1079 909 1124 coram
923 1057 1124 1144 justiciariis
1141 1057 1183 1122 ad
1200 1057 1358 1141 gaiolam,

207 1148 284 1224 eto„
315 1145 489 1212 detractus
520 1145 590 1210 fuit
616 1168 692 1211 cnm
719 1146 824 1230 equis,
826 1146 897 1212 2et
932 1151 1052 1230 postea
1075 1165 1269 1230 suspensus,
1296 1147 1360 1208 etc.

207 1194 394 1297 Carina
363 1253 438 1318 ejus
455 1233 524 1312 ιε’,
545 1233 681 1298 unde
651 1254 836 1299 vroecomes
858 1232 1071 1334 respondeat.
1118 1233 1164 1296 Et
1178 1231 1297 1296 villata
1317 1231 1359 1296 de

207 1319 296 1384 Nort
316 1318 508 1385 Middelton
524 1341 592 1386 non
607 1320 701 1386 venit
716 1321 760 1385 ad
775 1319 1040 1405 inquisitionem,
1057 1319 1157 1384 ideo
1148 1340 1185 1382 ιιι
1201 1317 1286 1383 mis’.

271 1475 382 1540 Adam
398 1474 480 1540 Scot
465 1474 611 1560 tposuit
627 1496 662 1541 se
677 1476 713 1540 in
728 1474 904 1542 ecclesiam
916 1475 957 1540 de
975 1475 1169 1542 Hilderton’
1186 1479 1221 1539 ct
1237 1495 1359 1559 cogno·

217 1561 267 1627 vit
283 1583 318 1627 se
331 1583 404 1628 esse
419 1561 597 1643 latronem,
622 1566 658 1628 et
672 1563 843 1648 abjuravit
861 1583 1006 1648 regnum
1022 1583 1133 1628 coram
1151 1567 1360 1628 coronatore.

211 1648 346 1716 Catulla
360 1649 436 1733 ejus
452 1649 486 1733 xj
501 1650 544 1729 d',
560 1650 650 1717 unde
666 1651 849 1716 vicecomes
864 1650 1077 1735 respondeat.

273 1803 441 1868 Ricardus
473 1804 560 1870 filius
595 1805 763 1869 Johannis
791 1805 832 1870 de
855 1804 1046 1869 Middelton
1080 1804 1205 1869 occidit
1231 1801 1361 1867 Wiilel-

208 1913 301 1955 mum
323 1891 448 1956 Cocum
470 1891 505 1955 in
528 1890 608 1958 villa
628 1892 669 1957 de
694 1892 897 1958 Middelton’
920 1891 1045 1971 North,
1069 1897 1104 1958 et
1130 1891 1249 1956 statim
1269 1889 1362 1974 fugit

207 1983 243 2044 et
263 1976 512 2058 malecreditur,
529 1978 605 2043 ideo
628 1979 786 2065 exigatur
809 1983 845 2044 ot
864 1979 1049 2064 utlagatur.
1106 1979 1229 2044 Postea
1254 1980 1361 2060 testa-

208 2069 283 2129 tum
304 2071 357 2130 est
387 2065 476 2150 quod
497 2066 649 2149 quadam
672 2066 848 2132 contentio
875 2067 1047 2131 oriebatur
1072 2067 1163 2132 inter
1183 2065 1362 2149 praedictos

209 2153 393 2218 Ricardum
409 2155 444 2219 et
461 2152 677 2234 Willelmum,
699 2153 750 2218 ita
777 2153 866 2238 quod
888 2153 978 2219 idem
1001 2153 1168 2218 Ricardus
1190 2151 1363 2218 wlneravir

211 2239 411 2325 praedictum
427 2239 637 2304 Willelmum
652 2240 688 2303 in
713 2241 854 2305 humero
873 2261 950 2305 cum
965 2240 1111 2324 quodam
1127 2238 1279 2324 knipulo.
1317 2239 1363 2302 Et

209 2327 299 2391 idem
327 2325 516 2393 Willelmus
541 2332 721 2412 postquam
745 2327 951 2392 vnlneratus
976 2327 1046 2392 fuit
1072 2327 1190 2392 statim
1223 2326 1362 2391 recessit

210 2412 312 2478 domi.
358 2413 405 2477 Et
428 2416 547 2498 postea
564 2415 750 2499 assumpsit
776 2415 942 2498 quendam
971 2414 1128 2479 baculum
1148 2420 1183 2478 et
1204 2412 1298 2478 venit
1320 2413 1364 2476 ad

208 2501 407 2585 praedictum
428 2499 611 2565 Ricardum
633 2505 668 2566 et
687 2501 818 2566 insultu
838 2501 1072 2586 praemeditato
1091 2501 1202 2585 ipsum
1217 2500 1362 2564 insulta-

210 2589 271 2667 vit,
294 2588 344 2652 ita
360 2587 449 2672 quod
470 2586 571 2653 aliter
598 2589 769 2673 propriam
799 2591 943 2653 mortem
968 2588 1106 2655 evadere
1138 2609 1206 2653 non
1237 2587 1362 2672 potuit,

129 2740 132 2750 ,
211 2679 262 2741 set
282 2696 317 2740 se
340 2675 554 2740 defendendo
575 2675 687 2761 ipsum
715 2675 929 2742 defendendo
944 2675 1080 2740 oceidit.
1128 2673 1260 2739 Catulla
1281 2695 1364 2760 proe-

212 2761 295 2827 dicti
311 2761 450 2828 Ricardi
465 2761 499 2847 vj
510 2762 536 2826 a’
554 2762 612 2848 viij
627 2763 671 2844 d’,
689 2763 777 2828 unde
793 2763 976 2828 vicecomes
993 2762 1204 2847 respondeat.

277 2916 328 2982 De
366 2917 482 2982 eodem
520 2917 715 2983 vicecomite
754 2917 795 2982 de
832 2916 965 2981 catallis
1002 2916 1171 2981 Johannis
1216 2915 1364 2995 Punder,

213 3001 358 3069 latronis
374 3004 542 3089 suspensi,
558 3004 655 3089 viijs’
671 3004 751 3090 ijd’.

279 3157 449 3223 Robertus
479 3158 574 3244 King
604 3159 645 3223 de
676 3157 802 3244 Benley
833 3158 957 3224 occidit
989 3157 1180 3224 Galfridum
1211 3156 1300 3221 Palli
1330 3161 1365 3222 et
1496 3231 1499 3236 Ι

213 3245 330 3311 statim
363 3245 456 3327 fugit
486 3249 522 3309 et
551 3244 799 3326 malccrcditur,
826 3245 902 3311 ideo
935 3244 1094 3330 exigatur
1053 3250 1152 3309 uret
1179 3243 1313 3328 utlaget
1313 3266 1364 3309 nr.

213 3331 389 3398 Gatalla'
361 3353 434 3416 epus
453 3331 519 3416 vjs’
534 3354 607 3417 J
540 3331 595 3395 d
623 3332 756 3397 unde
726 3353 909 3398 vroecomes
925 3332 1138 3418 respondeat.
1184 3331 1230 3394 Et
1239 3330 1365 3396 villatae

216 3420 257 3486 de
272 3418 423 3504 Benley‚³
444 3418 704 3505 Trikclington',
730 3419 883 3484 Banden'
886 3469 895 3500 ,
912 3423 947 3484 et
964 3419 1165 3504 Hideleseye
1181 3439 1249 3482 non
1265 3438 1364 3483 vene-

214 3510 296 3571 runt
310 3506 408 3591 plone
425 3506 468 3570 ad
484 3505 751 3590 inquisitionem,
767 3507 844 3572 ideo
859 3506 895 3570 in
910 3507 996 3572 mis'.

279 3661 455 3726 Hutredus
467 3660 555 3725 filius
568 3661 726 3745 Hngonis
740 3660 862 3726 cecidit
877 3661 918 3725 de
935 3661 1079 3746 quodam
1090 3680 1175 3745 equo
1191 3660 1227 3723 iu
1243 3681 1365 3745 aquam

214 3749 256 3814 de
273 3749 400 3813 Berwiz
416 3752 452 3812 et
467 3748 671 3813 submersus.
726 3748 849 3814 Nullus
870 3749 951 3813 inde
968 3747 1213 3814 maleoreditur.
1268 3748 1291 3813 J
1293 3748 1365 3812 ndi-

215 3837 316 3916 cium,
342 3834 581 3900 infortunium.
643 3835 800 3902 Precium
827 3836 904 3920 equi
930 3835 990 3920 viij
1004 3836 1042 3914 ι’,
1067 3834 1157 3899 unde
1181 3834 1365 3901 vicecomes

215 3922 427 4008 respondeat.

282 4052 434 4161 Eugeia
457 4075 557 4162 Lung
578 4076 620 4143 de
645 4077 845 4162 Angraham
870 4081 988 4161 captus
1004 4081 1039 4141 et
1054 4075 1287 4160 inprisonatus
1305 4098 1366 4162 pro

214 4162 367 4292 pluribus
383 4163 584 4230 latrociniis.
631 4163 755 4229 Postea
774 4165 818 4230 ab
843 4164 960 4230 eadem
985 4162 1065 4229 villa
1091 4164 1208 4244 evasit,
1225 4164 1300 4228 ideo
1323 4163 1366 4228 ad

249 4332 397 4397 ¹Iailburn‚
421 4333 541 4397 Chalton,
568 4335 620 4387 and
640 4333 765 4401 Ohilling·
817 4335 905 4386 drawn
927 4334 979 4386 and
996 4333 1098 4400 hangsd
1124 4334 1147 4386 it
1166 4335 1250 4386 would
1276 4349 1369 4400 appear

215 4400 285 4451 harri.
818 4402 878 4454 that
888 4401 1097 4453 thrswasaoaso
1108 4403 1136 4452 oi
1146 4401 1213 4466 petit
1224 4405 1333 4455 trsason

248 4464 354 4521 ²me
380 4467 425 4520 tho
447 4467 619 4536 punishment
637 4469 664 4521 ot
689 4468 768 4535 being
820 4467 988 4602 Hgdgplaeply,
980 4468 1157 4533 ,Titlington
1175 4468 1306 4530 Brandon,
1317 4468 1368 4520 and
