3264 5110
274 502 338 568 322
447 524 1042 584 rssrzuaonn,1vonrsuuauausro,
1068 503 1086 570 7
1110 524 1196 571 now.
1221 525 1245 571 1.

278 674 320 744 de
334 678 527 760 Alventon',
544 682 580 744 et
605 680 649 745 ab
674 679 791 747 eadem
814 680 932 762 evasit,
948 679 1025 746 ideo
1040 678 1084 745 ad
1104 679 1271 766 judicium
1288 681 1330 747 ds
1351 701 1427 746 eva·

279 765 375 832 sione
393 787 494 852 super
507 766 649 834 eandem
665 767 830 834 villatam.

345 921 492 988 Thomas
509 922 692 988 Grithman
708 925 828 1008 captus
854 944 915 1009 pro
939 923 1119 989 latrocinio
1135 927 1171 989 et
1194 923 1428 1008 inprisonatus

279 1010 371 1094 apud
385 1008 555 1090 Hirbotel‚
576 1014 612 1075 et
626 1009 670 1074 ab
685 1011 803 1075 eedem
816 1013 955 1095 pn'soua
969 1011 1086 1091 evasit,
1103 1011 1179 1077 ideo
1194 1011 1238 1076 ad
1260 1011 1428 1098 judicium

279 1097 321 1162 de
337 1097 493 1163 evasione
509 1117 609 1182 super
631 1097 826 1183 predictam
842 1097 1005 1164 villatam.
1050 1098 1175 1164 Postea
1195 1101 1360 1165 testatum
1376 1101 1430 1164 est

279 1184 369 1268 quod
383 1183 565 1269 pradictus
586 1184 735 1250 Thomas
758 1185 852 1271 fugit
878 1186 921 1250 ad
948 1185 1123 1253 ecclesiam
1139 1185 1180 1252 de
1197 1185 1377 1251 Alveuton’
1394 1188 1430 1249 et

280 1271 439 1356 cognovit
455 1293 490 1338 se
505 1291 578 1337 esse
593 1271 761 1337 latronem
777 1275 812 1339 et
826 1272 1000 1358 abjuravit
1009 1293 1153 1358 regnum
1163 1291 1277 1339 coram
1292 1293 1429 1354 corona·

279 1361 365 1424 tore.
410 1358 544 1424 Catulla
559 1359 635 1445 ejus
650 1359 710 1444 viij
723 1359 767 1440 d’,
784 1360 874 1426 uude
888 1362 1072 1426 vicecomes
1087 1361 1300 1447 respondeat.

345 1531 539 1598 Willelmus
563 1532 720 1599 Piscator
744 1534 787 1599 de
813 1533 1004 1601 Kerstiren¹
1030 1535 1155 1602 occidit
1175 1533 1366 1600 Gilbertum
1390 1531 1431 1598 de

280 1619 414 1704 Fariley
429 1618 465 1683 in
490 1641 610 1706 campo
633 1620 674 1688 de
701 1621 848 1706 Fariley²
874 1625 909 1688 et
933 1622 1052 1688 statim
1079 1626 1199 1708 captus
1223 1621 1293 1684 fuit
1317 1624 1353 1686 et
1380 1619 1429 1683 iu-

277 1707 473 1792 prisonatus
489 1707 577 1792 apud
594 1708 727 1773 Novum
744 1708 901 1774 Castrum
918 1713 953 1775 et
973 1709 1099 1775 ibidem
1115 1729 1297 1794 suspensus
1318 1728 1429 1772 coram

275 1794 476 1879 justiciariis
501 1795 545 1858 ad
569 1794 727 1879 guidam,
754 1799 818 1862 etc.
866 1797 999 1862 Catulla
1023 1799 1095 1882 ejus
1119 1796 1157 1883 iij
1173 1796 1205 1859 d'
1233 1795 1321 1862 unde
1343 1795 1429 1858 vioe-

280 1901 391 1947 comes
407 1881 619 1968 respondeat.

345 2035 460 2100 Simon
478 2035 586 2101 Faber
600 2036 642 2101 de
657 2037 812 2122 Maugna
827 2037 955 2103 Tossen
969 2038 1092 2104 occidit
1115 2039 1138 2104 J
1139 2039 1308 2104 ohannem
1323 2036 1430 2102 filium

280 2122 445 2188 Willelmi
470 2123 649 2188 decadem
678 2124 713 2188 iu
741 2125 895 2211 Mangna
918 2124 1056 2207 Tosseu,
1074 2129 1109 2193 et
1133 2126 1251 2191 statim
1277 2124 1372 2210 fugit
1396 2127 1430 2189 et

279 2209 526 2292 malcoreditur,
544 2210 620 2276 ideo
636 2211 795 2296 exigatur
809 2219 844 2278 et
858 2213 1043 2297 utlagatur.
1088 2212 1223 2279 Catulla
1238 2214 1311 2297 ejus
1335 2212 1392 2297 xxj
1404 2211 1429 2273 ε’

281 2297 319 2384 iij
332 2297 377 2378 d’,
393 2297 484 2361 unde
499 2297 685 2364 vicecomes
701 2300 915 2384 respondeat.

345 2452 515 2520 Robertus
539 2452 579 2517 de
597 2452 712 2517 Sniter
728 2452 852 2518 cecidit
872 2454 913 2519 de
937 2454 1083 2539 quodam
1098 2476 1184 2539 equo
1199 2453 1236 2517 in
1251 2474 1374 2538 aquam
1391 2454 1431 2518 de

281 2539 390 2605 Oolret
405 2544 441 2604 et
461 2539 652 2606 submersit.
698 2540 822 2606 Nullus
846 2540 927 2606 iude
954 2541 1201 2608 malecreditur.
1246 2539 1430 2621 Judicium,

280 2627 518 2692 infortunium.
580 2626 736 2692 Precium
768 2648 872 2693 coreae
898 2629 975 2713 equi
1000 2629 1041 2714 iij
1059 2629 1103 2694 d'.
1163 2630 1209 2693 Et
1235 2627 1360 2693 villata
1390 2628 1431 2694 de

280 2715 479 2781 Keraterne³
509 2718 545 2779 et
571 2714 725 2800 Mangua
750 2714 879 2780 Tossen
913 2715 1003 2782 falso
1039 2716 1318 2802 appreciaverunt
1349 2737 1431 2801 pra-

280 2803 411 2868 dictum
427 2801 651 2883 deodandum,
668 2802 743 2868 ideo
759 2802 795 2866 iu
811 2802 897 2869 mis'.
1188 2821 1191 2826 ’

346 2973 553 3059 Margareta,
571 2973 641 3038 filia
655 2973 678 3038 J
679 2973 825 3039 ohannis
836 2963 929 3054 Puri,
940 2975 1145 3040 scaturibata
1158 2971 1229 3038 fuit
1239 2973 1276 3036 in
1286 2974 1430 3057 quadam

280 3061 407 3147 patella
422 3061 524 3146 plena
538 3082 627 3146 aqua
652 3061 763 3127 calida
776 3061 813 3125 in
836 3083 938 3146 quam
954 3063 1078 3128 cecidit
1098 3083 1138 3126 ex
1157 3060 1228 3126 ictu
1253 3061 1431 3145 cujusdam

281 3148 382 3213 vituli
396 3148 447 3212 ita
462 3148 551 3232 quod
566 3149 662 3214 obiit.
708 3148 831 3214 Nullus
847 3149 934 3213 alius
950 3149 1028 3215 inde
1044 3148 1290 3215 malcoreditur.
1335 3148 1431 3213 Judi-

282 3237 381 3316 cium,
408 3234 647 3300 infortunium.
694 3235 847 3302 Precium
872 3237 1002 3322 plumbi
1026 3241 1063 3301 et
1076 3235 1176 3300 vituli
1190 3235 1270 3320 xviij
1282 3235 1326 3316 d’,
1343 3236 1431 3300 unde

282 3322 468 3388 vicecomes
483 3323 697 3408 respondeat.

346 3476 532 3544 Nicholaus
559 3475 648 3541 filius
673 3475 810 3542 Thomas
833 3477 874 3542 de
893 3475 1148 3562 Franclingtou’
1168 3476 1235 3558 (stc)
1254 3475 1375 3540 cecidit
1390 3475 1433 3540 de

281 3564 427 3650 quodam
448 3585 534 3648 equo
558 3564 594 3627 iu
610 3585 732 3648 aquam
748 3564 789 3629 de
805 3563 913 3630 Ooket
928 3569 962 3628 et
979 3561 1170 3628 submersit.
1216 3562 1339 3627 Nullus
1354 3563 1433 3626 inde

282 3651 531 3718 malecreditur.
585 3651 770 3732 Judicium,
799 3651 1038 3716 infortunium.
1085 3650 1241 3714 Precium
1264 3651 1344 3734 equi
1368 3651 1433 3728 vs’‚

282 3741 374 3804 unde
390 3737 572 3804 vicecomes
588 3738 804 3823 respondeat.

347 3908 539 3974 Willelmus
556 3909 767 3974 Foresterius
782 3909 824 3973 de
840 3908 995 3995 Calulay4
1009 3908 1133 3974 occidit
1144 3906 1293 3972 Alanum
1310 3907 1433 3973 Foders

282 3998 320 4062 in
334 3996 416 4062 villa
431 3997 472 4061 de
488 3996 702 4082 Eselingtou‚
718 4000 754 4061 et
770 3997 889 4062 statim
915 3995 1009 4082 fugit
1035 4001 1069 4062 et
1092 3993 1341 4074 malcereditur‚
1357 3995 1432 4061 ideo

283 4087 439 4171 exigatur
455 4088 490 4149 et
504 4085 688 4170 utlagatur.
734 4083 868 4149 Catella
883 4083 959 4170 ejus
974 4084 1076 4168 xxxvj
1089 4083 1126 4163 s',
1143 4083 1232 4146 unde
1247 4081 1431 4146 vicecomes

280 4172 493 4259 respondeat.
541 4172 665 4236 Postea
677 4174 843 4238 testatum
863 4173 1022 4255 estquod
1038 4172 1177 4248 Alanus,
1194 4169 1340 4254 quadam
1356 4190 1433 4234 con·

315 4344 469 4410 ¹Probably
492 4344 608 4396 Oaistron
636 4342 664 4394 in
692 4343 832 4411 Itotbbury
916 4341 1072 4408 ³Pr0bably
1112 4341 1227 4392 Gabtron
1263 4340 1314 4391 and
1353 4340 1434 4394 arat

279 4412 380 4465 Parish.
882 4409 1014 4462 Tessenin
1028 4409 1166 4484 Rothburp
1178 4405 1277 4486 lffmish.
1359 4473 1364 4483 Ι

280 4477 470 4600 Ρξήξῖοὴαθὶγ
481 4477 626 4530 Fallowlses
645 4477 673 4528 in
692 4475 832 4547 Itothbury
916 4477 926 4506 ⁴
945 4477 1047 4548 Galoley
1058 4475 1086 4526 in
1098 4473 1294 4540 Whrttrnghum
1308 4472 1405 4527 Pansh.
