3264 5110
262 467 326 533 328
439 489 553 535 asama
576 491 674 552 aona,
697 489 1035 552 uoammnnmnn,
1061 469 1079 536 7
1102 489 1188 537 now.
1211 492 1237 537 1.

262 643 357 729 Rege
371 665 432 728 per
446 643 621 710 servitium
636 643 729 710 feodi
743 643 849 710 trium
865 644 1014 710 militum
1029 649 1064 713 et
1078 645 1213 711 faciunt
1227 647 1353 711 sectam
1368 642 1414 707 ad

262 730 474 797 comitatum.
515 731 717 817 Radulphus
740 733 782 797 de
813 732 935 820 Gaugy
956 734 1052 798 dedit
1074 733 1156 799 Adae
1180 733 1222 798 de
1248 733 1415 800 Gesemue

265 817 482 884 medietatem
497 819 583 885 villoe
598 820 640 884 de
655 818 924 906 Oramelington’
940 823 976 886 et
989 823 1081 886 valet
1095 841 1155 906 per
1169 842 1297 886 annum
1311 840 1355 882 xx
1365 818 1413 882 li’.

265 904 355 970 Item
371 905 562 971 Willelmus
584 907 626 972 de
641 906 811 974 Midelton
824 907 938 973 tenuit
963 929 1005 973 ex
1031 907 1119 974 dono
1142 907 1225 973 dieti
1242 903 1414 990 Radnlphi

266 991 381 1056 villam
397 993 438 1058 de
453 993 626 1060 Hertlawe
642 999 677 1059 et
692 999 811 1080 postea
826 995 920 1060 dedit
936 995 1090 1061 Gilberto
1112 994 1154 1060 do
1176 993 1356 1059 Midelton’
1380 994 1415 1058 et

264 1079 355 1146 valet
379 1081 477 1159 xxli’‚
493 1086 529 1146 et
550 1081 615 1147 hoo
637 1087 789 1167 tempore
812 1083 917 1168 Regis
933 1105 1035 1148 nuno.
1080 1082 1176 1147 Idem
1200 1080 1412 1166 Radnlphua,

265 1172 416 1252 tempore
446 1169 589 1234 Henrioi
614 1169 731 1254 Regis,
755 1170 850 1234 dedit
874 1169 1033 1256 Philippo
1063 1170 1104 1235 de
1131 1171 1306 1236 Brooestre
1332 1169 1416 1232 duas

265 1255 405 1320 bovatas
421 1259 519 1320 terrae
545 1262 581 1321 et
603 1277 709 1320 unum
733 1256 964 1322 molendinum
990 1257 1196 1342 aquaticum,
1213 1279 1286 1342 qum
1300 1254 1415 1321 valent

263 1363 324 1427 per
350 1363 477 1408 annum
491 1343 524 1429 vj
536 1343 590 1408 m'.
636 1343 733 1409 Idem
748 1344 960 1431 Radnlphus,
975 1350 1127 1430 tempore
1142 1345 1283 1410 Henriei
1298 1341 1415 1428 Regis,

265 1430 361 1494 dedit
376 1429 544 1516 Magistro
560 1431 710 1496 Roberto
730 1432 771 1497 de
794 1432 990 1500 Doxefford’
1007 1433 1091 1498 duas
1107 1432 1248 1498 bovatas
1263 1430 1415 1496 terrain

266 1515 347 1582 villa
373 1516 568 1602 Elingham‚
596 1523 631 1584 et
656 1518 773 1584 valent
796 1540 1005 1604 perannum
1028 1520 1086 1605 viij
1097 1519 1134 1586 ε’.
1195 1520 1293 1586 Idem
1319 1516 1415 1583 dedit

263 1604 398 1690 Rogero
413 1605 455 1670 de
470 1605 643 1671 Heitlawe
652 1606 737 1672 duas
754 1607 893 1672 bovatas
907 1611 1016 1688 terrae,
1033 1611 1068 1673 et
1084 1606 1199 1672 valent
1212 1628 1274 1694 per
1287 1625 1416 1670 annum

264 1691 323 1777 viij
335 1691 360 1755 s’
392 1691 428 1756 in
457 1693 618 1778 praedicta
645 1693 735 1758 villa.
789 1693 885 1759 Idem
912 1694 1114 1780 Radnlphus
1140 1694 1235 1762 dedit
1262 1694 1306 1759 ad
1329 1711 1415 1778 opus

217 1807 221 1814 ·
264 1779 365 1844 unius
381 1779 547 1864 capellani
562 1780 765 1847 celebrantis
792 1781 835 1846 ad
862 1803 965 1847 unam
992 1781 1156 1868 capellam
1178 1783 1215 1847 in
1230 1780 1415 1867 Elingham

264 1888 367 1931 unam
384 1872 576 1933 carucatam
592 1873 701 1948 terrae,
716 1890 789 1953 quae
803 1868 895 1933 valet
910 1869 944 1933 xl
953 1869 991 1935 ε’.

329 2041 576 2106 Praesentatum
587 2041 657 2106 fuit
671 2041 757 2106 alias
767 2063 879 2108 coram
892 2041 1151 2127 inquisitoribus
1165 2040 1256 2126 qnod
1265 2041 1416 2106 allooatae

263 2128 407 2193 fuerunt
421 2129 569 2194 Roberto
594 2129 635 2193 de
660 2129 794 2209 Nevill’,
812 2130 891 2194 dum
907 2129 979 2194 fuit
998 2133 1112 2196 eustos
1127 2128 1241 2195 (lustri
1256 2129 1298 2193 de
1313 2129 1412 2193 Bam·

264 2215 387 2300 burg’,¹
411 2236 473 2302 pro
496 2215 749 2301 operationibus
765 2217 835 2282 suis
859 2217 895 2280 in
920 2217 1036 2283 eodem
1060 2220 1171 2284 castro
1197 2216 1327 2298 ncom’,
1343 2237 1417 2300 quae

264 2305 400 2388 quidem
427 2303 640 2388 operationes
667 2303 925 2370 aetimabuntur
951 2304 995 2369 ad
1019 2305 1120 2369 ocm’.
1174 2304 1221 2370 Et
1245 2303 1414 2389 juratores

265 2391 364 2455 modo
380 2394 586 2474 praesentant
609 2392 699 2475 quod
725 2412 795 2456 non
820 2392 961 2456 fuerunt
988 2391 1140 2457 allocutae
1166 2391 1233 2458 nisi
1259 2390 1356 2456 nom'
1379 2390 1416 2452 in

263 2477 434 2563 praedietis
459 2477 726 2562 operationibus,
743 2478 804 2545 ubi
830 2500 900 2544 non
917 2479 1035 2565 posuit
1058 2478 1127 2544 nisi
1153 2480 1243 2544 com’
1267 2482 1306 2543 ut
1332 2498 1416 2564 pra·

240 2631 241 2636 ,
265 2565 475 2630 dictumest.

328 2737 349 2800 J
351 2739 503 2801 oratores
519 2739 727 2821 praesentant
741 2735 830 2820 quod
841 2736 1008 2802 Ricardus
1024 2736 1066 2802 de
1082 2736 1234 2817 clifford,
1251 2735 1332 2800 dum
1347 2735 1418 2800 fuit

263 2827 425 2903 esoaetor,
442 2823 533 2908 oepit
548 2824 589 2887 de
604 2823 703 2888 bonis
719 2823 856 2889 Thomae
872 2824 913 2888 de
929 2823 1066 2889 Riohill'
1082 2825 1238 2890 defuncti
1254 2824 1316 2889 ix¹¹
1331 2823 1417 2888 mul-

156 2927 159 2932 *
262 2917 371 2991 tones,
397 2911 501 2995 precii
526 2932 641 2977 eorum
665 2910 699 2974 ix
712 2911 760 2990 w,
787 2915 823 2976 et
845 2933 883 2975 oo
906 2931 995 2991 oves,
1022 2912 1128 2997 precii
1153 2912 1198 2997 xij
1210 2911 1257 2992 li’,
1272 2910 1317 2977 ad
1332 2932 1416 2996 opus

264 2997 394 3064 domini
409 2997 525 3082 Regis.
556 2999 603 3062 Et
618 2997 724 3064 nichil
739 2998 818 3063 inde
834 2998 946 3064 solvit.
986 2999 1068 3065 Ideo
1078 2999 1122 3066 ad
1136 2999 1312 3085 judicium.

320 3254 474 3319 Vanam
497 3275 542 3318 nn
566 3254 682 3319 Wnan
704 3275 808 3320 vnum
831 3276 897 3320 nnn
919 3260 1015 3320 XIJ⁰¹¹²¹
1038 3275 1083 3320 na
1106 3254 1227 3320 Unam
1248 3253 1376 3319 Conna.

330 3411 506 3476 Jmatores
537 3414 745 3495 presentant
778 3410 867 3494 quod
897 3411 1049 3496 quedam
1074 3410 1225 3488 Tunook‚
1251 3408 1417 3475 obviando

266 3499 400 3562 cuidam
416 3497 554 3582 pullano
569 3498 604 3561 in
621 3498 701 3563 villa
724 3498 766 3563 de
789 3499 925 3579 Werok,
942 3503 977 3563 et
999 3519 1158 3584 pereussa
1179 3496 1249 3561 fuit
1270 3497 1312 3562 de
1334 3518 1417 3583 prae-

266 3586 358 3650 dioto
380 3584 519 3669 pulleno
546 3583 597 3648 ita
623 3585 712 3669 quod
735 3585 841 3650 tertia
866 3586 921 3652 die
947 3585 1027 3651 inde
1053 3584 1148 3650 obiit.
1193 3583 1316 3649 Nullus
1339 3583 1418 3648 inde

264 3672 512 3736 maleereditur.
559 3672 741 3753 Judieium,
758 3671 999 3738 infortunium.
1045 3673 1200 3738 Preoinm
1215 3671 1344 3757 pullani
1360 3671 1417 3736 vs’

265 3759 290 3843 ij
305 3759 349 3838 d',
366 3759 457 3823 unde
473 3758 645 3824 Walterus
661 3760 702 3825 de
726 3761 887 3841 Cambon,
904 3761 1098 3841 vioeeomes‚
1112 3759 1326 3845 respondeat.
1372 3759 1418 3822 Et

265 3845 312 3930 xij
337 3846 515 3912 Juratores
539 3846 669 3911 nullam
696 3848 853 3913 fecerunt
879 3847 1086 3913 mentionem
1111 3847 1150 3910 in
1172 3847 1343 3913 veredioto
1358 3867 1419 3911 suo

265 3933 341 4017 quis
357 3953 488 3999 eorouae
503 3934 587 4001 iecit
603 3933 682 4001 inde
698 3934 965 4019 inquisitionem,
982 3935 1059 4000 ideo
1073 3935 1110 3998 in
1125 3933 1212 4000 mis’.

333 4105 384 4169 De
400 4105 488 4170 vinis
503 4106 662 4189 venditis,
678 4111 754 4187 eta,
771 4106 889 4171 dieunt
912 4107 1002 4192 quod
1025 4106 1193 4174 Robeitus
1210 4105 1241 4173 le
1256 4106 1327 4191 Eyr
1340 4125 1419 4171 ven-

266 4192 356 4256 didit
371 4193 451 4257 vina
465 4197 586 4258 eontra
601 4194 754 4275 assisam,
770 4194 846 4260 1de0
861 4217 933 4281 ipae
949 4217 986 4259 1n
1001 4217 1066 4260 m1s
1081 4243 1089 4260 .

298 4365 306 4396 ¹
323 4365 375 4416 For
387 4364 484 4416 Robert
501 4366 532 4417 de
550 4364 646 4428 Nevill,
656 4367 716 4417 that
732 4367 765 4418 ho
781 4367 813 4419 be
863 4367 948 4419 which
966 4367 999 4418 he
1017 4366 1088 4419 owed
1105 4369 1133 4418 to
1152 4366 1198 4419 the
1215 4365 1342 4432 King,13
1358 4363 1413 4416 No-

263 4432 367 4484 allowed
386 4431 428 4483 his
441 4448 562 4496 expensas
574 4433 602 4484 in
613 4433 751 4500 fortifying
768 4435 813 4486 the
862 4436 967 4487 vember
990 4437 1054 4485 1266
1076 4435 1148 4496 (Pac.
1163 4437 1196 4486 51
1214 4435 1280 4485 Hes.
1299 4433 1364 4498 HJ„
1375 4448 1409 4484 m.

263 4499 347 4551 Castle
376 4499 403 4549 oi
435 4499 586 4565 Bamburgh
613 4500 642 4552 in
664 4500 709 4552 the
738 4501 812 4553 dabts
862 4503 917 4562 36).
