3264 5110
399 551 513 598 Assrzn
537 555 634 613 aona,
657 554 995 614 connaturalium,
1020 531 1038 598 7
1062 555 1148 599 now.
1172 556 1196 600 1.
1318 536 1381 601 373

233 706 269 771 et
295 705 430 772 cuidam
444 707 614 774 Willelmo
640 709 681 774 de
706 708 854 797 Inghou,
876 707 1013 775 latroni.
1057 709 1104 774 Et
1128 709 1170 774 de
1194 709 1270 791 hoc,
1295 711 1384 796 quod

233 793 370 859 deberet
385 795 512 880 cepisse
527 795 682 862 thorutol
703 795 796 862 inira
809 796 1004 863 libertatem
1019 819 1115 862 suam
1131 796 1172 862 de
1187 797 1382 864 hominibus

198 901 201 906 ·
233 879 362 945 domini
377 882 491 968 Regis.
530 885 576 948 nt
592 884 730 956 deberet
740 884 907 969 recepisse
922 886 1189 971 redemptionem
1198 885 1381 966 latronum,

233 967 400 1051 videlicet,
425 971 466 1036 de
488 971 634 1056 quodam
650 971 788 1038 Simone
802 972 843 1039 de
858 971 1053 1037 Orokesdal'
1070 972 1317 1059 quinquaginta
1327 974 1383 1038 m'.

233 1055 278 1120 nt
304 1057 346 1121 de
368 1058 442 1138 hoc,
467 1059 556 1143 quod
581 1059 717 1124 deberet
739 1060 866 1144 cepisse
880 1060 1057 1126 duodecim
1065 1061 1109 1123 m'
1125 1061 1167 1126 de
1182 1061 1384 1145 quibusdam

232 1143 415 1230 Ranulpho
429 1150 552 1231 nepote
561 1148 597 1212 et
608 1147 650 1211 de
662 1146 808 1233 Rogero,
817 1147 943 1213 vicario
958 1147 1112 1233 ejusdem
1125 1148 1212 1214 villae
1226 1149 1308 1233 (sic),
1324 1148 1384 1233 qui

233 1233 324 1318 capti
349 1232 491 1298 fuerunt
514 1232 552 1297 in
575 1233 732 1300 libertate
757 1256 818 1300 sua
841 1256 902 1320 pro
926 1235 1115 1322 suspicione
1138 1235 1320 1317 latrocinii,
1348 1239 1383 1302 et

231 1325 419 1404 posuerunt
433 1342 469 1389 se
485 1341 585 1407 super
606 1321 753 1407 patriam
777 1323 818 1388 de
842 1325 930 1388 bono
954 1326 990 1388 et
1015 1322 1104 1388 malo
1128 1327 1163 1388 et
1190 1328 1270 1389 ante
1291 1345 1383 1392 vere-

232 1406 362 1472 dictum
389 1408 476 1494 xij⁰¹¹³¹
501 1409 692 1493 juratorum
721 1413 906 1496 receptum,
938 1431 999 1495 pro
1030 1410 1199 1496 praedictis
1226 1411 1318 1497 rrijolm
1338 1412 1381 1475 m'

231 1493 322 1579 ipsos
359 1496 453 1560 abire
482 1497 647 1582 permisit.
692 1498 796 1564 Venit
828 1500 864 1563 et
900 1496 1056 1565 defendit
1084 1501 1206 1579 totum,
1237 1504 1315 1579 etc..
1346 1501 1381 1564 et

232 1583 447 1669 quidcunque
480 1587 533 1650 est
567 1588 686 1651 contra
715 1607 831 1671 pacem
869 1585 997 1650 domini
1026 1585 1142 1670 Regis.
1188 1587 1235 1650 Et
1271 1587 1382 1672 quoad

231 1691 428 1751 varranum,
452 1670 537 1738 dicit
559 1673 648 1758 quod
670 1671 807 1757 quidam
822 1673 976 1758 Rogerus
992 1673 1173 1740 Berthram
1189 1693 1231 1738 ex
1245 1694 1380 1740 conces-

232 1756 327 1822 sione
342 1758 447 1843 Regis
463 1759 604 1825 Henrici
620 1760 744 1825 levavit
758 1760 851 1824 illam
873 1782 1066 1826 warennam
1088 1765 1123 1827 et
1146 1765 1265 1846 postea
1288 1760 1383 1826 dedit

231 1843 316 1908 illud
352 1846 541 1911 manerium
578 1868 654 1912 cum
691 1848 848 1914 omnibus
885 1848 1102 1933 pertinentiis
1140 1848 1209 1914 suis
1247 1848 1381 1914 cuidam

222 1931 404 2021 Willelmo
419 1934 461 2000 de
478 1934 707 2016 Swineburne,
724 1936 781 2021 qui
797 1939 924 2001 terram
933 1935 1027 2000 illam
1035 1935 1149 2000 tenuit
1164 1935 1201 1998 in
1211 1956 1379 2016 warenna,

231 2021 266 2084 et
280 2023 400 2104 postea
413 2021 504 2087 idem
518 2021 712 2088 Willelmus
726 2022 884 2088 feoffavit
898 2023 1010 2109 ipsum
1037 2023 1078 2089 de
1101 2027 1193 2088 terra
1218 2022 1277 2089 illa
1303 2044 1381 2087 cum

229 2109 447 2257 pertinentiis
468 2109 539 2174 suis
565 2114 600 2174 et
624 2109 852 2191 libertatibus,
877 2111 968 2177 unde
992 2110 1076 2175 dicit
1100 2109 1190 2194 quod
1214 2110 1287 2195 ipse
1311 2131 1381 2174 non

243 2197 355 2260 evavit
370 2217 579 2262 warrennam
595 2196 699 2278 illam,
726 2202 762 2263 et
784 2199 826 2264 de
848 2197 913 2262 hoc
936 2197 1034 2282 ponit
1056 2218 1092 2262 se
1107 2219 1208 2282 super
1221 2197 1380 2282 patriam.
1482 2252 1486 2260 ,

230 2282 276 2347 Et
300 2285 412 2367 quoad
437 2287 728 2370 receptamentum
751 2285 904 2371 praedicti
925 2285 1091 2350 Johannis
1115 2284 1179 2348 filii
1204 2285 1379 2365 Willelmi,

230 2369 388 2455 utlagati,
417 2371 501 2437 dicit
529 2372 618 2456 quod
648 2372 780 2436 nullum
810 2373 913 2438 talem
941 2373 1036 2438 novit
1066 2372 1103 2436 in
1132 2371 1291 2438 libertate
1319 2393 1381 2436 sua

229 2457 391 2543 praedicta
420 2480 483 2525 nec
512 2459 657 2544 aliquem
685 2459 832 2525 telonem
862 2460 987 2526 clamat
1011 2461 1046 2523 in
1077 2459 1194 2524 eadem
1220 2459 1380 2526 libertate

230 2545 386 2611 retinere.
431 2547 477 2611 Et
493 2548 603 2630 quoad
619 2547 877 2614 decollationem
891 2547 1044 2633 praedicti
1056 2547 1192 2611 Thomas
1207 2547 1249 2612 de
1262 2547 1378 2627 Holm,

230 2632 313 2698 dicit
328 2634 417 2718 quod
433 2655 607 2718 nunquam
622 2636 796 2700 insecutus
807 2634 878 2698 tuit
887 2655 947 2720 per
961 2633 1073 2719 ipsum
1084 2655 1146 2699 nec
1155 2655 1215 2718 per
1226 2634 1381 2699 homines

230 2738 308 2784 suos
333 2741 442 2806 neque
468 2721 664 2788 decollatus.
710 2723 756 2786 m
792 2723 903 2807 quoad
940 2721 1217 2788 deliberationem
1251 2721 1381 2807 gaiolae,

230 2806 314 2872 dicit
338 2809 427 2892 quod
453 2829 570 2875 omnes
590 2813 818 2876 antecessores
842 2809 918 2894 ejus
945 2809 1216 2876 deliberaverunt
1231 2809 1379 2893 gaiolam

230 2915 327 2959 suam
341 2917 403 2981 pro
425 2896 599 2963 voluntate
626 2919 687 2962 sua
711 2895 783 2962 sine
807 2897 901 2962 brevi
925 2896 1055 2961 domini
1076 2896 1191 2981 Regis,
1217 2896 1297 2980 quia
1320 2896 1380 2960 illa

230 2980 369 3048 libertas
391 2985 445 3048 est
467 3005 570 3069 prope
590 2985 775 3051 marchiam
799 2983 930 3050 Scotiae.
975 2983 1066 3048 Item
1091 2983 1175 3048 dicit
1199 2984 1288 3067 quod
1310 3005 1380 3048 non

230 3067 354 3134 levavit
370 3070 515 3156 aliquem
530 3076 670 3136 turnum
689 3072 780 3135 infra
795 3071 987 3138 libertatem
1004 3072 1045 3136 de
1060 3070 1274 3150 Reddesdal',
1292 3074 1337 3148 et,
1351 3070 1379 3134 si

230 3156 276 3220 sit
290 3156 339 3221 ibi
354 3161 505 3238 turnum,
520 3159 617 3224 illum
632 3161 770 3223 omnino
785 3158 934 3224 remittit
945 3179 1006 3243 pro
1022 3179 1057 3222 se
1069 3162 1104 3224 et
1117 3157 1297 3222 heredibus
1309 3158 1379 3222 suis

229 3242 487 3329 imperpetuum,
503 3247 722 3330 quianullum
737 3249 876 3311 turnum
893 3245 1019 3312 clamat
1033 3246 1156 3311 habere
1171 3245 1206 3308 in
1222 3244 1380 3310 libertate

229 3332 400 3416 praedicta.
445 3334 492 3397 Et
521 3338 683 3418 praterea
716 3333 800 3399 dicit
831 3335 921 3418 quod
950 3354 1124 3417 nunquam
1154 3332 1379 3417 inprisonavit

229 3418 427 3503 pradictum
443 3420 624 3505 Hugonem
651 3421 693 3488 de
711 3421 924 3506 Raperslawe
949 3441 1011 3486 nec
1026 3420 1175 3504 aliquam
1190 3423 1380 3504 transgres-

229 3506 516 3588 sionemeifecit,
538 3529 766 3593 necunquam
790 3508 884 3576 dedit
907 3508 1013 3573 vitam
1037 3511 1072 3572 et
1098 3507 1249 3572 membra
1275 3506 1377 3571 alicui

228 3591 353 3659 latroni
368 3593 421 3661 vel
434 3595 511 3660 aliis
526 3596 705 3663 telonibus.
740 3598 785 3660 Et
801 3596 911 3680 quoad
926 3595 1119 3661 teoloneum
1142 3597 1280 3678 captum
1295 3593 1379 3658 dicit

228 3682 318 3764 quod
334 3703 450 3748 omnes
463 3686 690 3750 antecessores
703 3706 723 3748 a
734 3688 885 3769 tempore
900 3705 921 3748 a
936 3704 1002 3767 quo
1014 3703 1083 3746 non
1096 3685 1208 3747 exstat
1217 3681 1380 3748 memoria

228 3789 360 3854 semper
383 3791 500 3856 capere
525 3776 771 3839 consueverunt
794 3772 838 3836 ad
860 3773 1011 3836 mercata
1034 3791 1096 3834 sua
1111 3770 1152 3834 de
1169 3767 1327 3834 Hirbotel
1342 3770 1378 3832 et

228 3855 398 3939 lllesden'‚
426 3861 462 3922 et
485 3857 535 3923 ita
560 3859 647 3924 facit
670 3859 742 3945 ipse
766 3861 802 3924 et
827 3879 897 3922 non
920 3857 1003 3922 alibi
1028 3856 1096 3922 nisi
1125 3859 1263 3921 tantum
1286 3856 1376 3940 quod

228 3943 321 4029 capit
344 3947 572 4010 transversum
596 3947 638 4012 de
664 3945 858 4011 hominibus
883 3944 1005 4011 Scotiae
1029 3944 1120 4030 apud
1143 3943 1319 4010 Illeshawe
1343 3946 1379 4007 et

227 4051 297 4096 non
313 4031 354 4099 de
368 4031 562 4100 hominibus
577 4033 721 4119 Angliae.
760 4034 806 4098 m
820 4033 931 4117 quoad
954 4033 1125 4098 Simonem
1141 4031 1182 4096 de
1199 4030 1376 4112 Orokedal,

227 4117 311 4184 dicit
337 4121 426 4204 quod
449 4121 540 4186 idem
565 4122 681 4186 Simon
707 4120 822 4208 posuit
852 4140 887 4184 se
918 4121 1073 4186 debono
1099 4122 1134 4187 et
1158 4118 1247 4184 malo
1277 4140 1377 4203 super

226 4205 374 4290 patriam
388 4210 424 4272 et
439 4208 574 4294 quietus
588 4208 659 4274 fuit
680 4213 716 4275 et
731 4208 818 4273 obiit
833 4207 875 4272 ad
891 4229 1008 4293 pacem
1023 4206 1153 4273 domini
1169 4207 1284 4291 Regis.
1330 4206 1376 4269 Et

226 4294 339 4376 quoad
360 4294 547 4361 Robertum
570 4297 612 4362 de
635 4295 798 4378 Stanlius,
819 4294 903 4360 dicit
929 4295 1017 4380 quod
1040 4294 1228 4359 indictatus
1248 4293 1319 4357 fuit
1341 4297 1377 4359 et

227 4383 396 4447 arestatus
410 4383 480 4448 fuit
495 4383 588 4448 infra
609 4384 802 4450 libertatem
829 4405 925 4448 suam
949 4405 1010 4468 pro
1034 4381 1181 4468 simplici
1197 4381 1375 4446 latrocinio

226 4488 288 4554 per
301 4470 391 4553 quod
405 4451 536 4538 dimisit
550 4473 663 4558 ipsum
673 4492 734 4559 per
748 4471 898 4557 plegium
917 4491 1024 4555 usque
1039 4471 1084 4536 ad
1098 4469 1377 4536 deliberationem

227 4556 347 4643 gaiolae
362 4579 440 4641 suae,
467 4564 502 4626 et
526 4559 605 4645 quia
629 4560 719 4626 idem
733 4559 904 4626 Robertus
928 4559 1047 4640 evasit,
1074 4557 1165 4642 cepit
1188 4556 1230 4622 de
1253 4555 1377 4643 plagiis
