3272 5092
283 531 346 596 260
458 549 574 596 isaias
597 547 695 610 noun,
719 547 1058 609 sonrnmsnmrn,
1083 527 1101 594 ⁷
1124 548 1212 594 surr.
1236 548 1260 594 1.

281 699 318 764 in
332 697 494 784 predicto
508 716 623 763 annuo
648 696 785 761 redditu
808 695 923 761 decem
946 695 991 760 m'
1007 694 1116 762 eidem
1132 695 1271 776 Simoni,
1288 693 1432 781 singulis

282 785 393 866 annis,
408 787 485 850 tota
504 785 576 849 rita
594 783 701 869 ipsius
725 782 882 862 Simonis,
904 782 947 848 ad
973 783 1057 848 duos
1083 783 1165 848 anni
1186 783 1349 848 terminos
1368 782 1433 848 sol-

282 874 403 954 vendo,
419 871 558 952 scilicet,
575 871 793 938 medietatem
808 870 851 935 ad
867 870 1031 936 Pascham
1047 875 1083 935 et
1097 869 1200 936 aliam
1214 871 1433 937 medietatem

282 961 327 1026 ad
355 961 484 1026 festum
514 958 634 1024 Sancti
663 957 807 1022 Martini
836 957 874 1022 in
899 958 1029 1044 hyeme.
1075 958 1121 1022 Et
1149 961 1311 1043 praeterca
1339 957 1430 1024 idem

283 1048 452 1114 Rcbcrtus
468 1045 666 1131 congnoscit
689 1046 778 1130 quod
801 1045 903 1110 debet
918 1044 1027 1110 eidem
1052 1044 1183 1111 Simoni
1203 1045 1381 1131 sexaginta
1397 1049 1432 1110 et

284 1157 343 1203 sex
356 1135 412 1214 m',
423 1134 514 1199 unde
530 1133 614 1198 eiad
626 1134 851 1200 Pentecosten
862 1132 927 1198 hoc
938 1154 1028 1198 anno
1044 1138 1182 1198 centum
1195 1134 1234 1212 ε’,
1249 1133 1293 1198 ad
1302 1133 1430 1199 festum

286 1221 406 1288 Sancti
430 1221 575 1286 Martini
593 1219 746 1306 proximo
768 1241 912 1304 sequens
934 1223 1072 1286 centum
1086 1222 1125 1300 s',
1145 1221 1189 1284 ad
1204 1221 1431 1286 Pentecosten

285 1330 377 1375 anno
397 1312 516 1374 octavo
543 1311 677 1372 centum
705 1308 741 1387 s’,
763 1308 806 1372 ad
821 1307 948 1374 festum
969 1309 1085 1372 Sancti
1109 1307 1252 1373 Martini
1280 1307 1431 1392 proximo

286 1417 428 1482 sequens
444 1400 580 1460 centum
604 1396 641 1474 ε’,
660 1395 704 1458 ad
719 1395 945 1460 Pentecosten
969 1415 1060 1459 anno
1075 1415 1166 1460 nono
1181 1398 1318 1460 centum
1332 1397 1371 1474 ε’,
1387 1395 1431 1458 ad

285 1484 413 1550 festum
431 1482 548 1549 Sancti
563 1482 706 1546 Martini
721 1482 874 1567 proximo
889 1503 1029 1567 sequens
1045 1485 1182 1547 centum
1195 1483 1234 1562 ε’,
1250 1482 1294 1547 ad
1308 1482 1432 1548 Pente·

286 1574 403 1638 costen
426 1591 517 1635 anno
541 1569 670 1635 decimo
697 1572 833 1635 centum
848 1569 884 1648 ε’,
901 1573 936 1633 et
951 1570 994 1634 ad
1009 1569 1138 1634 festum
1155 1569 1273 1636 Sancti
1288 1568 1432 1634 Martini

285 1658 439 1744 proximo
455 1678 598 1741 sequens
612 1656 793 1722 tresdecim
807 1657 850 1720 m’
871 1660 907 1722 et
922 1656 1108 1722 dimidiam.
1154 1657 1200 1723 Et
1215 1657 1282 1721 nisi
1296 1656 1429 1736 fecerit,

285 1745 441 1813 concedit
456 1744 545 1830 qnod
560 1743 743 1810 vicecomes
757 1743 832 1808 fieri
846 1743 954 1809 faciat
974 1744 1016 1809 dc
1031 1744 1131 1809 terris
1154 1747 1189 1809 et
1205 1743 1348 1825 catallis,
1365 1748 1429 1808 etc.

350 1867 520 1931 liebertus
529 1865 571 1930 de
580 1865 792 1950 Egelynham
802 1873 837 1928 et
848 1864 1036 1931 Willelmus
1046 1865 1088 1930 de
1097 1865 1300 1950 Egelinham
1308 1867 1432 1951 petunt

286 1975 401 2021 versus
425 1952 634 2030 Willelmum
657 1953 699 2016 de
722 1952 756 2016 la
778 1952 980 2032 Ohaumbre,
1001 1952 1156 2033 Aliciam,
1178 1952 1373 2032 Ricardum,
1395 1957 1430 2017 et

286 2041 474 2108 Robcrtum
486 2039 579 2105 Brun
595 2044 630 2105 et
644 2039 844 2119 Beatricem‚
861 2060 998 2104 uxorem
1015 2040 1102 2125 ejus,
1116 2061 1221 2104 unam
1238 2044 1430 2105 carucatam

285 2133 383 2194 terrae
420 2149 496 2193 oum
525 2126 743 2212 pertinentiis
764 2127 801 2189 in
830 2127 995 2208 Wetton',
1025 2127 1067 2191 de
1097 2149 1163 2212 qua
1193 2127 1366 2194 Gilbertus
1387 2127 1429 2191 de

285 2215 534 2302 Egelyngham,
544 2213 815 2298 consanguineus
824 2213 1248 2299 praedictorumRobertiet
1257 2213 1431 2293 Willclmi,

287 2305 382 2389 cujus
405 2302 545 2366 heredes
567 2301 634 2387 ipsi
655 2305 746 2381 sunt,
768 2301 838 2365 fuit
857 2301 1002 2388 seysitus
1020 2303 1056 2366 in
1071 2301 1239 2367 dominico
1256 2323 1317 2367 suo
1331 2306 1372 2364 ut
1390 2303 1431 2366 de

286 2390 387 2455 feodo
402 2389 456 2454 die
468 2409 544 2473 quc,
561 2393 625 2453 etc.
660 2389 706 2452 Et
723 2389 810 2453 unde
823 2388 942 2452 dicunt
953 2389 1042 2473 qued
1056 2389 1235 2474 praedictus
1246 2388 1430 2468 Gilbertus‚

287 2475 560 2561 consanguineus
586 2496 677 2555 suus,
704 2475 773 2541 fuit
792 2475 937 2562 seysitus
961 2477 1002 2540 de
1029 2477 1198 2561 praediotis
1228 2475 1431 2542 tenementis

287 2567 439 2648 tempore
461 2562 565 2648 pacis,
582 2567 732 2647 tempore
747 2562 892 2626 Henrioi
907 2563 1022 2648 Regis,
1045 2564 1153 2648 patris
1176 2563 1304 2628 domini
1326 2563 1432 2647 Regis

287 2649 892 2804 abbatili.tiathire
914 2650 1224 2803 dilituit..
1240 2649 1432 2802 thibi

792 2785 802 2817 a
883 2787 901 2817 c
1226 2788 1235 2818 a
1408 2785 1415 2800 ¹

287 2825 413 2890 heredi.
460 2825 506 2888 Et
533 2824 574 2889 de
600 2823 674 2908 ipso
702 2824 870 2903 Johanne,
895 2824 953 2909 qui
979 2825 1064 2890 obiit
1081 2825 1153 2890 sine
1174 2826 1295 2892 herede
1319 2826 1361 2889 de
1385 2845 1432 2903 se,

288 2911 463 2978 deseendit
472 2911 622 2990 feodum,
633 2915 709 2986 etc,
719 2912 921 2995 quibusdam
931 2911 1070 2992 himma,
1083 2912 1260 2997 Languere,
1271 2916 1307 2978 et
1315 2911 1434 2997 Tyolr',

288 3003 327 3063 ut
343 2999 512 3064 sororibus
528 3003 564 3061 et
579 2997 769 3062 heredibus
814 2999 862 3062 nt
877 2999 917 3064 de
940 2999 1016 3084 ipsa
1030 2999 1147 3085 Tyolr',
1164 3021 1238 3083 quae
1258 2999 1345 3064 obiit
1361 2998 1435 3063 sine

288 3086 410 3150 herede
426 3086 467 3150 de
483 3105 529 3164 se,
542 3085 717 3150 descendit
727 3085 876 3164 feodum,
887 3090 964 3165 ete,
981 3088 1153 3172 purpartis
1169 3108 1247 3166 snae,
1264 3085 1433 3171 praedictis

287 3173 416 3238 Emmae
431 3176 466 3236 et
482 3172 661 3256 Largum,
679 3178 718 3236 ut
733 3173 903 3237 sororibus
929 3177 965 3237 et
989 3174 1179 3239 heredibus.
1225 3175 1272 3238 Et
1295 3175 1336 3238 de
1360 3173 1436 3258 ipsa

288 3260 410 3325 Emma
434 3259 609 3324 descendit
635 3259 784 3338 feodum,
812 3265 888 3339 etc„
914 3259 1047 3326 cuidam
1075 3260 1223 3342 Matildi,
1244 3264 1285 3324 ut
1307 3260 1385 3325 filiae
1400 3264 1436 3324 et

288 3347 414 3411 heredi.
459 3346 506 3410 Et
532 3347 572 3412 de
601 3347 676 3430 ipsa
699 3346 868 3411 Matillide
891 3347 1065 3412 descendit
1085 3349 1234 3424 feodum,
1259 3355 1335 3427 etc,
1360 3347 1435 3431 qui-

287 3434 431 3499 busdam
446 3432 623 3498 Oristianae
653 3437 688 3497 et
705 3433 879 3513 Matillidi‚
899 3439 938 3499 ut
952 3433 1087 3500 filiabus
1104 3440 1139 3500 et
1153 3435 1343 3500 heredibus.
1389 3435 1436 3497 Et

289 3522 330 3586 de
356 3521 430 3605 ipsa
461 3519 643 3600 Oristiana,
670 3541 745 3604 quse
770 3521 855 3585 obiit
882 3521 955 3587 sine
979 3523 1100 3586 herede
1127 3523 1169 3587 de
1193 3543 1239 3601 se,
1259 3521 1435 3588 descendit

286 3609 427 3673 feodum
457 3607 629 3691 pur-partis
660 3628 736 3686 suae,
768 3610 843 3685 etc,
869 3607 1035 3693 praedicte
1060 3609 1234 3689 Matillidi‚
1262 3613 1302 3673 ut
1328 3608 1435 3673 sorori

288 3698 323 3759 et
352 3694 481 3759 heredi.
535 3694 580 3758 Et
610 3694 652 3758 de
678 3694 753 3778 ipsa
779 3695 949 3759 Matillide
976 3696 1150 3761 descendit
1177 3696 1327 3776 feodum,
1356 3700 1434 3775 etc,

288 3781 347 3846 isti
363 3783 403 3844 W
406 3780 532 3845 illelmo
548 3781 605 3864 qui
617 3802 708 3846 nunc
723 3782 812 3866 petit
822 3787 863 3846 ut
874 3782 943 3846 lilio
955 3787 989 3847 et
1002 3783 1127 3848 heredi.
1166 3785 1212 3848 Et
1222 3785 1263 3848 de
1275 3782 1437 3868 praedicta

287 3869 449 3954 Langusa
469 3867 625 3933 decendit
648 3868 787 3933 feodum
804 3869 977 3954 purpartis
996 3891 1074 3948 suae,
1094 3874 1169 3951 etc,
1193 3871 1252 3935 isti
1277 3871 1435 3949 Robert0,

288 3957 345 4041 qui
360 3977 449 4020 nunc
465 3955 552 4039 petit
566 3957 606 4018 ut
617 3954 687 4019 filio
700 3959 735 4020 et
746 3956 873 4034 heredi,
887 3957 1064 4022 simulcum
1073 3958 1235 4043 praedicto
1251 3956 1435 4036 Willelmo,

286 4043 453 4129 participe
469 4063 539 4106 suc.
585 4043 631 4105 nt
646 4042 725 4107 inde
735 4043 892 4128 producit
908 4048 1045 4124 sectam,
1062 4051 1126 4110 etc.
1172 4046 1217 4109 Et
1234 4044 1437 4125 willelmus,

286 4130 407 4209 Micia,
438 4129 617 4209 liebertus,
645 4133 680 4195 et
705 4131 845 4194 Beatrix
873 4131 1016 4195 veniunt
1042 4140 1076 4198 et
1103 4133 1222 4198 dicunt
1252 4131 1342 4215 quod
1368 4151 1436 4194 non

287 4217 411 4283 debent
427 4217 475 4280 eis
490 4216 613 4281 adhoc
628 4217 726 4282 breve
741 4220 953 4302 respondere,
969 4219 1049 4302 quia
1062 4220 1181 4285 dicunt
1196 4221 1286 4304 quod
1301 4218 1439 4304 predic-

287 4310 344 4369 tus
375 4303 560 4381 (tilbertus,
591 4325 691 4386 quem
721 4306 874 4389 praedicti
908 4305 1077 4372 Rubertus
1108 4311 1142 4372 et
1173 4306 1365 4371 Willelmus
1395 4305 1437 4369 de

287 4389 499 4476 Egelynham
527 4391 647 4455 dicunt
670 4412 743 4457 esse
770 4394 1060 4478 consanguineum
1082 4416 1192 4474 suum,
1217 4398 1268 4460 est
1291 4393 1438 4457 tritavus

286 4479 375 4563 ipius
392 4477 555 4544 Willelmi
572 4482 607 4542 et
621 4500 703 4543 avua
719 4479 872 4564 praedicti
887 4480 1041 4561 Roberti,
1057 4481 1135 4547 inde
1159 4482 1290 4546 desicut
1305 4479 1438 4544 nullum

286 4567 384 4632 breve
400 4566 441 4630 de
456 4565 667 4651 possessione
676 4566 769 4651 jacet
784 4568 825 4634 de
841 4569 976 4654 seysina
984 4567 1111 4650 tritavi,
1122 4569 1211 4656 petit
1219 4568 1385 4655 judicium
1397 4566 1440 4631 de
