3272 5092
371 584 609 647 ussaunein,
633 586 973 649 nonnunrruunnsnn,
997 568 1039 633 53
1061 589 1145 634 unu.
1168 590 1223 636 111.
1307 568 1371 634 195

217 736 357 805 licentia
366 739 592 806 concordandi
608 761 685 807 cum
691 739 1135 810 WillelmodaOlivelauude
1146 743 1365 825 eruardus,

218 845 320 891 uxore
336 828 419 914 ejus,
436 828 478 893 de
491 827 618 914 placito
632 831 741 895 terrae.
785 830 832 895 ut
846 829 998 895 habeant
1012 831 1261 917 cirographum.

282 964 401 1032 Asisa
409 966 503 1033 veuit
511 967 730 1054 recognitum
739 967 769 1033 si
781 966 950 1036 Robertus
962 967 1073 1049 Hode,
1083 973 1181 1054 pater
1192 969 1367 1050 Asseliuae,

220 1052 335 1119 uxoris
354 1053 527 1139 Radulphi
543 1053 602 1118 filii
624 1055 810 1136 Lamberti,
826 1054 896 1120 fnit
912 1055 1048 1120 saisitus
1068 1057 1105 1120 iu
1120 1057 1291 1122 dominico
1306 1077 1367 1122 suo

215 1143 255 1204 ut
270 1140 312 1205 de
334 1139 435 1208 feodo
450 1141 492 1207 dc
515 1141 697 1209 medietate
712 1143 813 1207 unius
829 1142 918 1208 rodae
939 1147 1037 1210 terrae
1052 1165 1129 1208 cum
1150 1143 1368 1230 pertinentiis

216 1227 253 1290 iu
277 1227 468 1312 Morpathe,
485 1229 539 1294 die
558 1251 633 1314 quo,
650 1232 715 1294 etc.
761 1229 816 1294 ut.
836 1229 876 1309 si,
892 1235 955 1296 etc.
1001 1230 1112 1311 Quam
1127 1233 1254 1296 terram
1266 1230 1366 1295 Will-

216 1313 323 1380 elmus
355 1315 488 1381 Lechur
509 1316 551 1381 de
578 1317 760 1402 Morpathe
785 1321 891 1396 tenet,
907 1317 965 1402 qui
984 1317 1079 1382 venit
1105 1321 1142 1382 et
1166 1317 1251 1384 dicit
1279 1318 1368 1403 quod

216 1401 378 1486 praedicta
405 1402 556 1469 Asellina
586 1403 670 1469 alias
700 1402 927 1489 implacitavit
953 1405 1131 1489 quemdam
1162 1405 1367 1486 Johauuem,

217 1489 360 1555 fratrem
381 1491 534 1574 predicti
550 1491 721 1570 Willelmi,
739 1491 833 1576 cujus
856 1491 953 1556 heres
975 1491 1047 1576 ipse
1062 1495 1126 1572 est,
1142 1492 1184 1558 de
1207 1492 1371 1578 praedicta

217 1579 308 1640 terra
331 1576 482 1642 incuria
507 1577 549 1642 de
576 1579 757 1663 Mor-pathe
786 1599 847 1662 per
875 1579 974 1644 breve
1001 1579 1044 1644 de
1073 1583 1188 1660 recto;
1219 1584 1254 1645 et
1279 1580 1371 1664 quod

218 1664 335 1729 eadem
350 1664 502 1731 Aselliua
521 1665 558 1729 iu
576 1665 694 1731 eadem
716 1665 811 1730 curia
833 1664 963 1730 remisit
978 1668 1013 1731 et
1036 1666 1190 1751 quietum
1212 1666 1370 1732 clamavit

219 1751 328 1817 eidem
351 1751 523 1817 Willelmo
547 1757 582 1818 et
612 1752 792 1818 heredibus
819 1753 901 1830 suis,
925 1755 1038 1818 totum
1060 1753 1117 1838 jus
1145 1758 1180 1818 et
1210 1753 1371 1820 clamium

217 1839 306 1922 quod
324 1838 446 1904 habuit
462 1839 498 1903 iu
520 1839 682 1924 praedicta
696 1843 797 1906 terra.
844 1839 969 1904 Postea
984 1839 1180 1906 concordati
1203 1843 1284 1906 suut
1309 1862 1370 1926 per

217 1924 410 2006 licentiam3
442 1930 477 1991 et
493 1934 546 1991 est
568 1927 747 1993 concordia
762 1925 842 1991 talis
868 1925 956 2011 quod
980 1926 1161 2012 praedictus
1178 1926 1370 1995 Willelmus

216 2013 638 2164 qepiqpiglqpescittpirlaledictam
649 2019 775 2165 tgffi
786 2035 872 2165 capp1
878 2013 1096 2166 perpiqcuttiis
1107 2035 1181 2116 esse
1193 2014 1250 2100 jus
1261 2014 1368 2100 ipsius

369 2150 378 2180 ‚
403 2122 421 2165 e
501 2123 555 2166 am
575 2121 662 2166 erre
709 2123 722 2163 1
777 2148 784 2164 .
873 2121 913 2165 eo
958 2122 1042 2167 aea
1080 2123 1240 2168 scisuram
1263 2119 1369 2166 suam.

217 2186 263 2251 Et
277 2208 339 2273 pro
354 2189 428 2268 hac,
439 2191 514 2269 etc,
530 2188 684 2273 praedicti
696 2187 896 2273 liudulphus
909 2191 944 2252 et
957 2187 1109 2254 Asellius
1121 2190 1206 2253 daut
1221 2190 1252 2254 ei
1262 2210 1367 2254 uuam

216 2295 375 2353 marcam,
402 2275 493 2340 uude
522 2276 666 2340 reddent
702 2275 735 2341 ei
765 2275 982 2340 medietatem
1012 2275 1055 2340 ad
1087 2275 1216 2342 festum
1249 2275 1368 2341 Sancti

216 2361 394 2427 Michaelis
416 2363 569 2446 proximo
592 2383 745 2448 sequeus.
791 2362 837 2426 Et
858 2362 926 2426 nisi
948 2362 1105 2443 feceriut,
1129 2366 1368 2430 concesseruut

216 2449 305 2533 quod
320 2449 504 2516 vicecomes
518 2449 627 2516 faciat
642 2449 799 2515 detentis
815 2454 851 2514 et
866 2449 1010 2530 catallis,
1028 2455 1093 2516 etc.

281 2588 491 2673 Praeceptum
514 2587 584 2653 fuit
599 2587 790 2654 vicecomiti
806 2587 906 2672 quod,
921 2587 1109 2673 assumptis
1128 2609 1241 2654 secum
1257 2591 1368 2654 custo·

217 2675 316 2740 dibus
337 2675 539 2761 placitorum
558 2673 707 2756 Coronae,
724 2679 801 2754 etc,
817 2675 854 2738 iu
877 2674 978 2761 pleno
995 2674 1161 2740 comitatu
1176 2695 1236 2740 suo
1258 2695 1368 2740 recor-

217 2763 291 2828 dari
305 2762 435 2827 iaceret
450 2762 630 2847 loquelam,
642 2783 715 2847 quae
729 2762 799 2826 fuit
814 2761 850 2824 in
867 2762 984 2829 eodem
1001 2762 1177 2844 comitatu,
1193 2761 1367 2848 perbreve

218 2850 347 2915 domiui
369 2849 474 2935 Regis
505 2849 596 2913 iuter
617 2849 804 2915 Henricum
831 2848 872 2914 de
892 2849 1100 2934 Beriugdon'
1115 2852 1150 2915 et
1174 2848 1367 2916 Galfridum

216 2938 258 3002 de
280 2936 483 3017 Bollesdou’,
500 2958 598 3021 quem
622 2935 791 3001 clamabat
806 2943 847 3000 ut
869 2936 1024 3000 nativum
1040 2957 1148 3018 suum,
1165 2937 1254 3002 uude
1277 2936 1367 3002 idem

217 3023 394 3091 Galfridus
420 3025 571 3110 queritur
600 3022 724 3088 fulsum
755 3023 819 3088 sibi
845 3023 978 3088 factum
1004 3023 1110 3089 fuisse
1137 3023 1303 3109 judicium
1329 3023 1364 3086 iu

217 3111 334 3178 eodem
356 3111 532 3179 comitatu.
577 3111 624 3176 Ει
649 3111 825 3176 recordum
845 3110 931 3175 illud
954 3110 1095 3175 haberet
1119 3131 1231 3176 coram
1258 3110 1365 3175 Justi-

215 3198 328 3264 ciariis
365 3199 422 3264 hic
451 3199 514 3264 sub
545 3197 657 3283 sigillo
688 3218 759 3276 suo,
790 3202 868 3278 etc,
899 3200 935 3261 et
967 3219 1029 3282 per
1057 3201 1204 3282 quatuor
1240 3197 1366 3284 legales

216 3287 382 3366 homiues,
413 3285 471 3370 qui
509 3285 645 3351 recordo
683 3285 734 3348 illi
764 3284 1006 3349 iuterfuerunt.
1067 3285 1112 3350 Et
1148 3286 1238 3370 quod
1276 3306 1365 3349 sum-

213 3373 360 3440 moniret
381 3373 581 3459 praedictum
612 3371 800 3436 Henricum
839 3370 929 3456 quod
966 3375 1055 3437 esset
1093 3372 1149 3438 hic
1186 3373 1366 3438 auditurus

214 3460 390 3526 recordum
416 3460 512 3541 illud,
544 3460 573 3526 si
598 3459 753 3524 voluerit.
813 3458 858 3523 Et
888 3458 1071 3524 vicecomes
1101 3461 1201 3525 modo
1231 3458 1363 3545 profert

214 3548 391 3614 recordum
406 3547 495 3632 quod
511 3545 580 3613 tale
596 3551 648 3611 est
669 3545 788 3630 [quod]
810 3545 979 3612 Henricus
1003 3545 1044 3612 de
1066 3547 1258 3632 Beryudou’
1281 3544 1364 3610 tulit

213 3636 313 3701 breve
331 3627 373 3700 'de
393 3635 559 3701 naivitate
574 3653 690 3698 versus
713 3632 907 3698 Galfridum
930 3632 972 3696 dc
990 3633 1185 3698 Berindon’¹
1206 3637 1241 3698 et
1262 3632 1366 3718 petiit

213 3724 326 3809 ipsum
349 3725 388 3786 ut
409 3722 564 3786 nativum
589 3724 624 3788 et
649 3719 836 3805 fugitivum
864 3740 974 3799 suum,
1001 3720 1059 3804 qui
1085 3721 1178 3806 rugit
1202 3721 1244 3785 de
1275 3725 1366 3784 terra

215 3832 277 3875 sua
297 3811 376 3895 post
390 3809 548 3874 ultimum
571 3807 753 3887 redditum,
770 3811 834 3872 etc.
880 3807 925 3871 Et
945 3807 1094 3872 narravit
1117 3809 1206 3893 quod
1229 3807 1366 3892 quidam

216 3897 398 3978 Henricus,
410 3901 508 3982 pater
522 3895 677 3980 pradicti
691 3894 842 3973 Henrici,
854 3893 925 3959 fuit
937 3893 1073 3958 saisitus
1083 3895 1124 3960 de
1137 3914 1198 3959 avo
1213 3891 1366 3980 praedicti

215 3982 372 4064 Galfridi,
389 3987 430 4048 ut
453 3984 494 4049 de
508 3981 635 4047 villano
656 4001 728 4062 suo,
744 3981 908 4066 capiendo
928 3980 1075 4066 expletia
1096 3985 1135 4044 ut
1155 3982 1192 4045 iu
1212 3979 1363 4066 tallagi0,

213 4071 396 4152 merchato,
413 4074 448 4137 et
463 4069 540 4134 aliis
556 4068 690 4134 villanis
707 4066 1007 4133 consuctudinibus
1023 4069 1066 4132 ad
1078 4069 1272 4150 valentiam,
1286 4073 1364 4146 cta,

215 4163 366 4244 tempore
392 4157 562 4223 Johauuis
589 4155 706 4241 Regis,
728 4157 838 4241 patris
863 4155 992 4219 domini
1014 4157 1120 4240 Regis
1144 4177 1247 4236 nuuc,
1264 4159 1299 4223 et
1322 4154 1365 4219 de

214 4245 289 4331 ipso
312 4245 461 4311 Henrico
484 4243 660 4309 descendit
689 4244 739 4307 'us
760 4242 820 4307 isti
844 4243 1004 4322 Henrico,
1024 4247 1064 4307 ut
1087 4243 1157 4308 fflio
1180 4247 1216 4310 et
1237 4240 1364 4321 heredi,

213 4338 249 4397 et
271 4331 433 4418 produxit
455 4331 636 4416 quemdam
695 4330 766 4393 ium
793 4328 949 4395 avunculi
972 4330 1127 4414 predicti
1149 4329 1307 4409 Galfridi,
1330 4332 1367 4392 et

214 4419 359 4487 alterum
373 4419 483 4484 filium
495 4418 609 4485 amitoe
624 4417 777 4504 praedicti
792 4416 950 4496 Galfridi,
963 4417 1020 4501 qui
1034 4419 1216 4502 praesentes
1225 4418 1368 4483 fuerunt

669 4589 677 4623 ¹
691 4591 742 4645 For
759 4589 913 4644 Bollesdou’.
1216 4659 1235 4726 2

1171 4678 1192 4724 0
