3272 5092
350 547 465 596 asama
488 551 587 614 nonn,
611 551 951 616 ronrnnnnnnnsrn,
977 533 1019 599 53
1042 554 1125 600 666.
1149 554 1204 600 111.
1294 533 1357 601 207

202 702 361 771 tinentiis
376 705 414 770 in
428 705 526 794 Tyra
603 707 670 790 on’,
691 710 732 773 61
753 707 811 796 jus
831 728 930 775 sunm
944 729 1005 794 per
1018 708 1118 776 breve
1133 709 1175 776 de
1189 709 1356 798 ingressu.

202 791 250 856 nt
279 791 446 860 Ricardns
476 709 657 876 6111111616,
684 816 746 880 per
776 799 990 862 attornatnm
1018 819 1127 879 snum,
1151 797 1294 863 veniunt
1323 802 1358 865 61

203 878 324 946 dicunt
356 881 446 965 qnod
475 885 595 946 tenent
632 883 830 968 praedictum
859 887 1092 949 tenementum
1126 884 1163 948 in
1196 889 1358 971 pnrparte

203 987 281 1032 cnm
310 967 511 1052 quibusdam
549 970 666 1049 Lucia,
695 990 799 1037 nxore
835 971 972 1036 Thomae
1000 972 1042 1036 de
1080 971 1286 1058 Knyveton',
1323 975 1358 1039 et

205 1053 373 1135 Dionisia,
388 1077 493 1122 uxore
508 1057 749 1122 Bartholomaei
764 1057 896 1139 Clerici,
918 1059 1088 1124 sororibus
1103 1059 1212 1145 ipsius
1227 1059 1355 1142 Aliciae,

203 1141 245 1208 de
260 1142 450 1210 hereditate
465 1165 538 1229 quaa
552 1143 623 1208 init
634 1145 813 1229 enjusdam
827 1145 921 1226 Adae,
937 1145 1045 1231 patris
1061 1147 1212 1232 ipsarum
1227 1145 1355 1228 Aliciae,

203 1227 327 1310 Lnoiae,
342 1232 377 1294 et
391 1229 566 1310 Dionisiae,
588 1232 678 1296 unde
697 1231 817 1299 dicunt
838 1233 928 1317 quod
942 1253 1012 1297 non
1026 1239 1171 1318 possunt
1187 1234 1260 1300 sine
1274 1256 1358 1320 prae·

204 1315 305 1380 116116
330 1317 435 1382 Lucia
459 1320 494 1383 61
518 1317 685 1399 Dionisia,
709 1319 932 1406 participibus
948 1320 1029 1400 6616,
1046 1320 1126 1385 1616
1142 1321 1355 1406 respondere.

203 1401 287 1468 Ideo
310 1404 583 1470 sammoniantnr
604 1406 693 1491 qnod
716 1407 786 1472 sint
801 1407 891 1479 6116
908 1406 1025 1472 Sancti
1040 1407 1218 1474 Michaelis
1234 1407 1270 1472 in
1286 1412 1357 1475 tres

203 1490 411 1577 septimanas
425 1492 517 1578 apud
532 1493 762 1578 Leycestriam
777 1494 820 1559 ad
835 1493 1106 1580 respondendum
1121 1495 1234 1576 simul,
1250 1500 1314 1562 616.

269 1637 416 1705 Thomas
441 1640 483 1706 16
506 1639 786 1726 Wyndesoveres,
810 1661 870 1727 per
893 1644 1105 1706 attornatum
1122 1663 1231 1724 snum,
1248 1643 1357 1728 opnlit

204 1747 240 1792 66
255 1747 372 1792 versus
386 1726 594 1792 Willelmnm
606 1728 648 1795 de
662 1728 828 1815 Oreystolr
843 1732 879 1794 et
893 1727 1050 1809 Mariam,
1062 1749 1200 1794 uxorem
1216 1729 1303 1815 ejus,
1317 1732 1358 1797 de

203 1813 330 1899 placito
345 1814 435 1900 quod
450 1815 594 1880 reddant
610 1815 642 1882 61
657 1816 847 1900 quindecim
869 1817 926 1896 m',
947 1837 1021 1900 qnae
1041 1817 1073 1881 ei
1088 1821 1201 1883 aratro
1217 1821 1299 1883 6661
1314 1819 1355 1886 de

202 1922 318 1967 annno
332 1901 469 1967 redditu
484 1902 631 1988 quinque
653 1903 709 1984 m’,
726 1905 761 1968 61
780 1923 896 1970 versus
918 1903 1105 1969 Rnbertum
1130 1904 1172 1968 de
1195 1904 1304 1971 linere
1321 1910 1355 1972 et

203 1987 395 2070 Isabellam,
426 2010 566 2057 uxorem
602 1990 689 2076 ejus,
720 1990 762 2055 de
790 1989 917 2075 placito
946 1991 1035 2075 qnod
1070 1991 1215 2057 reddant
1245 1991 1355 2058 eidem

203 2076 340 2141 Thomae
354 2076 547 2161 quindecim
561 2078 617 2157 m’,
640 2099 714 2162 qnae
736 2077 767 2142 61
791 2081 904 2143 aratro
927 2078 1066 2142 666116
1084 2099 1198 2142 66666
1218 2079 1356 2144 redditu

203 2162 352 2248 quinque
375 2164 419 2228 m'
441 2185 542 2248 quem
563 2165 594 2229 ei
619 2164 755 2245 debent,
780 2168 844 2231 616.
898 2165 945 2229 Et
970 2163 1036 2250 ipsi
1059 2185 1130 2229 non
1151 2165 1294 2231 veniunt
1320 2172 1356 2231 et

201 2251 286 2315 alias
310 2250 466 2316 fecerunt
489 2251 663 2332 defaltam,
686 2251 737 2316 ita
753 2253 841 2336 qnod
864 2255 1067 2337 praeceptnm
1082 2252 1152 2317 init
1167 2251 1357 2318 vicecomiti

203 2337 293 2422 quod
318 2337 537 2422 distringeret
560 2359 616 2404 eos
640 2360 701 2424 per
724 2359 840 2405 omnes
860 2342 1061 2419 16666616.
1107 2339 1154 2404 Et
1171 2339 1355 2406 vicecomes

86 2439 90 2448 ·
202 2423 309 2490 nichil
323 2425 403 2491 inde
417 2424 513 2490 fecit.
557 2425 641 2492 Ideo
659 2426 748 2492 61661
767 2426 862 2512 prins
876 2431 1082 2512 praeoeptum
1097 2430 1150 2491 est
1164 2427 1355 2493 vicecomiti

202 2512 293 2597 quod
316 2511 503 2598 distringat
527 2533 583 2577 eos
606 2535 668 2598 per
689 2533 805 2578 omnes
827 2520 946 2593 terras,
969 2519 1045 2594 616,
1068 2514 1129 2594 116,
1145 2517 1220 2594 etc,
1237 2515 1353 2596 donec,

204 2604 282 2680 616,
313 2603 349 2664 61
379 2599 469 2685 qnod
500 2599 626 2666 habeat
653 2620 794 2686 corpora
818 2620 935 2666 eornm
959 2600 1049 2685 apud
1074 2601 1304 2685 Leycestriam
1334 2623 1355 2667 a

202 2685 257 2752 die
273 2685 392 2752 Sancti
406 2687 585 2754 Michaelis
600 2687 639 2751 in
653 2690 724 2753 tres
740 2687 957 2772 septimanas.

267 2842 421 2926 Rogerns
457 2840 547 2906 filius
583 2841 712 2928 Rogeri
748 2841 894 2906 Mandut
931 2839 1090 2925 cognovit
1128 2842 1217 2925 quod
1254 2840 1356 2907 debet

202 2928 384 3014 Radnlpho
407 2928 475 2992 filio
497 2927 641 2993 Roberti
663 2928 696 2993 le
719 2928 845 2993 Breton
868 2927 983 2994 decem
1002 2929 1048 2991 ov’
1066 2949 1150 3012 quas
1177 2929 1209 2992 ei
1234 2929 1355 2995 reddet

200 3016 243 3082 6(1
258 3015 387 3081 festum
404 3015 522 3081 Sancti
538 3015 681 3080 Martini
696 3015 733 3079 in
748 3014 879 3100 Hyeme
894 3035 984 3079 anno
995 3015 1092 3100 regni
1105 3015 1234 3080 domini
1249 3017 1354 3102 Regis

201 3123 293 3168 nuno
316 3102 596 3189 quinquagesimo
618 3107 750 3188 quarto.
795 3102 841 3166 111
863 3100 929 3167 6161
944 3100 1076 3182 iecerit,
1092 3103 1248 3168 66666111
1264 3104 1353 3187 qnod

201 3190 385 3257 vicecomes
401 3190 585 3256 comitatus
603 3190 704 3255 istius
719 3189 827 3256 faciat
842 3189 884 3256 de
899 3187 999 3254 terris
1014 3191 1049 3255 61
1064 3188 1209 3271 catallis,
1225 3193 1301 3272 616,
1318 3194 1353 3258 61

200 3281 329 3358 custus,
345 3280 409 3344 616.

264 3430 412 3496 Thomas
438 3431 480 3496 de
506 3429 682 3515 Wyndes’,
708 3451 769 3516 per
794 3432 1008 3496 attornatum
1034 3451 1143 3511 annm,
1168 3431 1294 3517 optulit
1318 3453 1353 3499 se

200 3539 315 3584 versus
342 3516 551 3583 Willelmnm
578 3519 619 3583 de
648 3517 818 3602 Greystoh
847 3521 882 3582 61
912 3517 1069 3598 Mariam,
1100 3539 1236 3585 uxorem
1265 3519 1353 3605 ejus,

199 3605 387 3670 liebertum
411 3604 453 3669 de
476 3605 568 3670 Euer
591 3607 627 3671 61
650 3603 832 3670 Isabellam
852 3605 893 3672 de
913 3603 1041 3690 placito
1057 3606 1146 3689 qnod
1161 3606 1307 3671 reddant
1321 3607 1354 3674 ei

199 3691 346 3778 triginta
371 3691 414 3756 m'
442 3714 515 3777 qnae
539 3691 570 3757 ei
596 3695 709 3756 aratro
733 3695 814 3757 sunt
834 3691 876 3756 de
892 3713 1007 3756 annno
1022 3692 1159 3757 redditu
1178 3692 1293 3759 decem
1308 3695 1353 3758 m’

200 3801 299 3864 quem
311 3779 343 3844 ei
354 3778 489 3859 debent,
500 3782 563 3846 etc.
610 3779 656 3842 Et
665 3779 737 3864 ipse
747 3799 817 3843 non
830 3777 922 3844 venit
932 3783 966 3845 et
975 3778 1087 3864 plnres
1097 3779 1182 3845 fecit
1193 3779 1351 3846 defaltas.

200 3867 284 3932 Ideo
312 3870 518 3951 praeceptum
548 3869 600 3932 est
629 3865 819 3932 vicecomiti
849 3865 938 3950 qnod
967 3864 1153 3950 distringat
1183 3887 1261 3932 enm
1293 3890 1353 3953 per

200 3975 316 4020 omnes
332 3956 452 4034 terras,
469 3957 545 4034 eto,
561 3958 597 4019 61
612 3953 700 4037 quod
723 3953 765 4018 de
787 3952 946 4034 exitibus,
970 3956 1047 4033 616,
1071 3957 1107 4019 61
1123 3954 1211 4038 qnod
1227 3954 1353 4021 habeat

199 4040 418 4193 {orpustejus
440 4063 462 4105 a
483 4041 538 4106 die
563 4040 680 4112 Sancti
703 4039 880 4107 Michaelis
901 4039 938 4103 in
952 4043 1021 4104 tres
1037 4039 1245 4125 septimanas
1261 4042 1352 4128 apud

229 4148 326 4212 eyces
344 4148 440 4192 nam.

264 4273 434 4339 Henricns
458 4272 500 4339 de
522 4273 696 4353 Hevvrthe‚
721 4272 779 4357 qni
801 4271 884 4336 tulit
906 4271 1006 4339 breve
1024 4273 1066 4338 de
1082 4293 1260 4338 commnna
1274 4296 1352 4360 pas-

197 4365 284 4427 turae
309 4362 347 4426 in
374 4360 670 4448 Schepelingbotel
694 4379 810 4425 versus
835 4359 1024 4424 Robertnm
1048 4360 1090 4425 de
1114 4359 1259 4442 Hilton'‚
1282 4383 1352 4429 non

199 4452 251 4516 661
273 4453 481 4534 prosecutus.
527 4446 610 4514 Ideo
631 4447 705 4532 ipse
728 4451 764 4513 61
785 4445 892 4533 plegii
918 4445 973 4511 sui
996 4445 1037 4510 de
1059 4449 1293 4532 prosequendo
1315 4450 1352 4517 in

198 4536 286 4619 mie’,
302 4535 442 4618 66111661,
460 4533 628 4602 Henricns
644 4534 686 4601 16
702 4533 841 4602 Dalton’
857 4537 893 4600 et
908 4531 1100 4600 Willelmns
1115 4533 1298 4603 Blnmvill’.
