3264 5110
269 509 334 577 868
443 529 557 576 lssran
579 529 678 590 acar,
701 527 1039 591 temnamus,
1065 508 1084 575 7
1106 529 1194 577 nna.
1217 531 1242 576 1.

269 683 421 752 veniunt.
466 683 549 750 Ideo
578 683 825 751 custodiantur.
879 683 925 750 nt
954 683 1135 770 pradictus
1166 683 1360 751 Willelmus
1389 683 1423 751 le

269 773 462 857 Fraunceys
488 771 628 837 clericus
652 776 714 853 est,
741 776 777 837 et
803 791 943 837 manens
965 773 1002 836 in
1025 772 1189 838 comitatu
1213 772 1420 838 Norffclciae.

270 860 351 926 Ideo
367 859 587 942 adjudicium
604 859 645 923 de
661 880 711 924 ec.
757 859 880 926 Postea
903 861 1069 924 testatum
1092 865 1146 926 est
1168 881 1229 946 per
1250 861 1421 945 juratores

270 947 359 1030 quod
375 946 528 1032 praedicti
550 947 720 1011 Robertus
736 946 766 1011 le
781 947 877 1032 Virly
890 951 925 1011 et
942 947 1059 1012 Simon
1080 947 1121 1012 de
1140 947 1255 1033 Ripun
1277 948 1368 1032 capti
1384 951 1422 1010 et

267 1033 1422 1206 itti?ttt‘ttttrtsstt‘ttttttttttttt

269 1209 408 1288 fecerat,
425 1207 515 1293 quod
530 1207 714 1293 culpabiles
736 1209 887 1286 fuerunt,
911 1215 987 1289 etc,
1010 1219 1046 1272 et
1068 1171 1365 1292 qucd’Nichclaus
1387 1207 1421 1274 le

270 1295 359 1376 Scot,
376 1300 457 1360 tunc
473 1296 590 1380 major,
607 1294 762 1380 permisit
776 1294 973 1380 praedictum
989 1294 1161 1360 Simonem
1176 1315 1236 1398 per
1250 1297 1422 1382 plerinam

268 1404 374 1467 usque
387 1383 427 1447 ad
440 1382 625 1447 adventum
636 1381 903 1467 justiciariorum
913 1402 1004 1446 nunc
1016 1381 1089 1448 sine
1101 1383 1239 1467 speciali
1253 1387 1421 1469 praceptc

268 1469 398 1534 domini
414 1469 519 1554 Regis
535 1491 636 1534 nunc.
675 1468 759 1533 Ideo
785 1468 830 1532 ad
853 1469 1020 1553 judicium
1044 1470 1086 1534 de
1111 1491 1161 1535 eo.
1200 1471 1246 1534 111
1263 1469 1422 1536 similiter

270 1557 311 1621 de
335 1557 457 1642 plegii‘s
492 1557 550 1640 qui
577 1557 688 1641 ipsum
715 1557 815 1621 modo
839 1577 908 1620 non
930 1555 1069 1636 habent,
1097 1557 1187 1622 sicut
1212 1579 1290 1622 eum
1313 1557 1420 1643 plegi-

269 1648 422 1723 averunt,
445 1643 611 1724 videlicet,
645 1644 798 1708 Andreas
821 1643 852 1707 le
876 1643 982 1728 Meyr,
1013 1643 1188 1710 Johannes
1221 1645 1419 1730 Spreching,

267 1731 468 1816 Radulphus
495 1731 599 1810 Stirk,
627 1729 799 1795 Walterus
825 1730 866 1794 de
893 1731 1019 1816 Ripun,
1046 1732 1210 1812 carnifex,
1240 1731 1418 1798 «Iohannes

268 1819 356 1882 filius
378 1818 574 1904 Laurentii,
599 1818 768 1884 Robertus
784 1817 893 1897 Tuus,
910 1817 1041 1883 Alanus
1058 1817 1090 1884 le
1114 1819 1245 1900 Por-ter,
1261 1819 1416 1884 Andreas

200 1955 203 1963 .
269 1907 310 1972 de
326 1905 489 1985 Biremcr‚
503 1905 696 1989 Stephanus
708 1905 739 1969 le
751 1903 915 1984 Gaunter,
929 1905 1099 1970 Rcbertus
1114 1905 1146 1970 le
1163 1907 1254 1985 Scot,
1270 1907 1420 1972 Thomas

268 1994 378 2073 Toum,
391 1991 591 2076 Radulphus
601 1990 875 2070 Marchaundise,
891 1991 1051 2078 piscator.
1090 1992 1135 2056 Et
1151 1992 1230 2077 quia
1238 1993 1420 2078 praedictus

270 2080 386 2145 Simon
424 2079 594 2144 subtraxit
631 2099 667 2143 se
711 2083 747 2143 et
782 2079 1032 2160 malecreditur,
1069 2078 1146 2144 ideo
1190 2079 1348 2164 exigatur
1385 2085 1421 2145 et

268 2166 452 2252 utlagetur.
513 2165 647 2231 Catulla
683 2166 758 2250 ejus
795 2165 900 2230 nulla.
956 2167 1003 2230 Et
1039 2165 1208 2232 Robertus
1245 2166 1286 2231 de
1322 2167 1420 2249 Virly

268 2253 651 2406 limittssdllllll
665 2253 1420 2425 tlttttt'ttttttttttitttt

480 2390 488 2420 1
647 2389 656 2420 2
1061 2390 1070 2420 5

268 2429 310 2493 de
326 2427 516 2503 cheslalr,
533 2427 705 2507 diaconus,
728 2430 764 2491 et
786 2427 1053 2492 Bartholomaeus
1068 2427 1200 2509 Russel,
1216 2391 1419 2514 cdpellanus,
1471 2484 1478 2498 .

267 2537 327 2602 per
336 2513 515 2580 consilium
526 2519 561 2579 et
573 2515 844 2598 procurationem
856 2515 1009 2598 praedicti
1020 2515 1160 2582 Roberti
1170 2515 1418 2601 Sautemareys,

266 2605 448 2668 noctanter
463 2607 628 2667 venerunt
650 2602 694 2666 ad
714 2601 841 2666 dictam
856 2602 1028 2685 prisonem
1044 2605 1079 2668 et
1094 2622 1169 2667 eam
1190 2603 1369 2687 fregerimt
1384 2607 1419 2670 et

268 2690 467 2776 pradictum
482 2689 670 2753 Robertum
693 2688 734 2754 de
750 2687 846 2774 Virly
861 2693 1022 2773 ceperunt
1036 2691 1071 2755 et
1085 2689 1299 2756 abduxerunt
1316 2711 1418 2775 usque
1441 2687 1445 2693 ’

267 2778 311 2843 ad
340 2776 504 2862 capellam
533 2776 574 2840 de
603 2775 768 2842 Gesemue
798 2780 834 2840 et
856 2776 980 2844 ibidem
1004 2798 1081 2843 eum
1104 2777 1327 2857 dimiserunt3
1360 2777 1418 2861 qui

268 2863 401 2950 quidem
433 2863 602 2927 liebertus
629 2863 709 2927 inde
739 2863 879 2928 recessit
907 2869 942 2929 et
967 2863 1060 2948 fugit
1087 2864 1123 2927 in
1152 2863 1344 2930 libertatern
1375 2865 1417 2929 de

266 2950 481 3037 Tynemuth’,
499 2954 534 3015 et
549 2949 672 3013 ibidem
689 2953 881 3034 receptatus
903 2953 965 3015 est.
1012 2949 1094 3016 Ideo
1118 2951 1161 3014 ad
1185 2949 1351 3035 judicium
1375 2952 1418 3016 de

267 3039 383 3104 eadem
399 3037 566 3102 libertate.
611 3037 657 3100 111
681 3036 798 3101 villata
824 3036 865 3100 de
881 3037 977 3101 Novo
1000 3037 1121 3103 Castro
1146 3038 1348 3121 respondeat
1375 3039 1417 3104 de

267 3125 434 3190 evasione.
479 3124 525 3187 Et
560 3124 642 3207 quia
677 3125 858 3208 pradictus
895 3124 1064 3191 liebertus
1102 3124 1339 3189 malecreditur
1374 3126 1417 3190 de

267 3216 375 3276 morte
400 3211 571 3296 praedicta,
596 3211 672 3276 ideo
703 3212 860 3296 exigatur
889 3216 924 3278 et
949 3211 1132 3294 utlagatur.
1178 3211 1311 3276 Catalla
1341 3211 1415 3296 ejus

267 3298 370 3363 nulla.
428 3298 552 3362 Postea
578 3301 742 3364 testatum
768 3302 821 3362 est
855 3318 915 3382 per
953 3299 1121 3382 juratores
1151 3298 1241 3382 quod
1265 3299 1417 3384 praedicti

265 3385 434 3451 Robertus
458 3385 499 3451 de
523 3385 671 3469 Seghal',
697 3385 843 3450 Thomas
868 3385 909 3449 de
933 3385 1117 3465 Wideslalr,
1135 3385 1413 3465 Bartholomaeus,

266 3472 470 3557 capellanus,
487 3473 578 3556 capti
592 3471 735 3536 fuerunt
750 3475 784 3538 et
799 3471 1072 3558 inprisonatipro
1084 3471 1242 3558 burgaria
1256 3474 1417 3558 praedicta

265 3561 302 3624 in
329 3559 468 3644 prisona
497 3559 538 3622 de
568 3559 665 3623 Novo
694 3559 815 3623 Castro
845 3559 951 3623 donec
974 3581 1034 3644 per
1056 3563 1261 3645 praceptum
1285 3560 1415 3626 domini

265 3648 369 3731 Regis
385 3645 561 3712 deliberati
575 3646 718 3712 fuerunt
740 3645 892 3710 «Iohanni
916 3647 957 3712 de
981 3646 1197 3731 Lithegrens,
1220 3653 1305 3712 tunc
1325 3649 1414 3713 vice-

263 3735 397 3814 comite,
422 3733 481 3817 qui
504 3733 604 3798 modo
627 3733 771 3798 renitet
788 3731 961 3819 respondit
982 3734 1023 3797 de
1040 3733 1098 3800 eis.
1145 3735 1191 3798 Et
1214 3734 1298 3800 dicit
1324 3735 1415 3819 quod

265 3822 323 3886 ille
338 3821 480 3886 abduxit
495 3841 552 3885 eos
575 3841 687 3885 coram
703 3820 725 3884 J
726 3819 910 3885 ustician'is
931 3819 974 3886 ad
997 3819 1141 3905 gaiolam
1163 3820 1414 3886 deliberandam

265 3909 450 3992 assignatis
482 3928 595 3972 coram
624 3907 746 3991 quibus
773 3907 936 3992 postulati
960 3908 1102 3974 fuerunt
1124 3929 1184 3994 per
1210 3909 1414 3995 Episcopum

264 3995 538 4074 Dunelmensem,
554 4015 593 4060 ec
609 3995 698 4079 quod
714 3994 827 4059 clerici
840 3993 992 4059 fuerunt.
1037 3996 1083 4058 nt
1105 3995 1214 4060 eidem
1236 3995 1414 4061 deliberati

264 4085 416 4162 fuemnt,
432 4086 595 4166 tanquam
611 4083 653 4146 de
667 4082 761 4146 facto
777 4082 933 4147 convicti.
979 4082 1062 4149 Ideo
1083 4082 1127 4147 ad
1146 4103 1292 4168 praesens
1308 4083 1413 4149 nichil

263 4173 305 4236 de
321 4170 380 4234 eis.
426 4169 471 4234 Et
486 4169 667 4254 pradictus
683 4169 852 4233 Robertus
876 4169 917 4234 de
941 4167 1177 4254 Sautemareys
1193 4171 1293 4235 modo
1308 4171 1411 4250 venit,

264 4269 299 4324 et
314 4256 394 4341 quia
409 4256 549 4322 clericus
566 4259 619 4320 est
634 4259 669 4320 et
684 4277 753 4320 non
769 4255 842 4320 vult
858 4255 913 4320 hic
929 4256 1008 4321 inde
1022 4257 1234 4341 respondere,
1250 4257 1413 4323 liberetur

263 4345 425 4432 praedictc
451 4343 618 4428 Episcopo
644 4343 734 4408 sicut
760 4345 856 4428 patet
879 4344 1033 4427 superius
1056 4344 1092 4407 in
1121 4344 1256 4430 placitis
1283 4366 1413 4412 corona

263 4433 304 4500 de
334 4433 441 4516 burgo
471 4430 513 4495 de
542 4430 638 4494 Novo
667 4430 798 4496 Castro.
844 4429 969 4496 Postea
995 4431 1089 4495 venit
1117 4431 1292 4496 Johannes
1325 4432 1412 4498 filius

262 4518 389 4606 Rogeri
404 4523 439 4584 et
454 4517 556 4583 finem
571 4517 655 4584 fecit
669 4539 730 4603 pro
745 4519 1014 4602 transgressione
1024 4538 1086 4604 pro
1102 4520 1173 4584 xm'
1188 4540 1248 4606 per
1262 4519 1413 4608 plegium
