3278 5104
240 464 304 530 168
391 487 505 534 reama
528 489 626 550 aona,
650 487 988 548 rosrnruarnmrn,
1012 467 1054 531 53
1076 485 1158 531 ιιιιι.
1186 486 1240 530 ιιι.

239 639 365 707 Ρ66166
385 643 430 708 61
452 644 543 710 diem
564 643 662 709 iilum
683 641 837 730 praedicti
858 641 958 708 Prior
971 653 1007 707 et
1029 641 1188 720 Thomas,
1203 659 1263 726 per
1283 640 1392 704 attor-

239 730 360 793 natum
369 729 477 815 ipsius
487 729 625 811 Prioris,
636 731 835 817 optulerunt
850 750 886 795 se
899 751 1015 798 versus
1028 727 1208 814 predictos
1216 726 1393 793 Acelinam

239 819 275 878 et
289 815 312 879 J
313 817 482 883 ohannem
497 818 539 884 16
553 818 681 904 placito
696 818 786 903 quod
800 817 962 902 praedicta
974 815 1115 882 Acelina
1123 814 1264 881 haberet
1277 813 1335 880 hic
1349 813 1395 877 61

240 901 330 969 hunc
346 905 437 971 diem
458 905 658 991 praedictum
680 905 839 973 heredem
861 905 905 970 61
927 903 1217 969 warantizandum
1232 901 1393 987 predicto

240 989 351 1056 Priori
365 992 562 1078 praedictum
577 994 718 1058 tertiam
739 995 872 1078 partem
892 991 1000 1057 trium
1025 1012 1179 1056 acrarum
1200 993 1310 1069 terrae,
1326 991 1391 1054 etc.

240 1077 286 1140 11
315 1079 357 1144 16
386 1079 512 1166 placito
540 1081 630 1166 quod
654 1080 836 1166 pradictus
863 1079 1037 1144 Johannes
1061 1077 1260 1143 warantiret
1283 1076 1392 1142 eidem

239 1163 375 1232 Thomae
401 1168 596 1253 praedictam
619 1167 758 1233 tertiam
769 1171 905 1268 partem
926 1165 1104 1232 tresdecim
1125 1185 1279 1229 acrarum
1294 1167 1393 1228 tenua

240 1273 317 1316 cum
342 1255 572 1339 pertinentiis,
597 1258 661 1320 616.
706 1255 753 1319 11
766 1255 833 1339 ipsi
847 1275 916 1319 non
937 1254 1091 1333 veniunt,
1112 1256 1147 1316 et
1162 1251 1392 1318 666666166-

240 1343 308 1420 tur,
333 1345 397 1406 etc.
452 1342 636 1423 Judicium,
662 1342 816 1429 capiatur
840 1341 878 1405 in
902 1361 1041 1406 manum
1071 1340 1201 1405 domini
1222 1339 1328 1424 Regis
1350 1338 1392 1403 de
1476 1375 1478 1378 ·

239 1429 331 1492 terra
345 1429 498 1514 predicti
514 1430 647 1496 heredis
662 1430 700 1493 in
714 1450 852 1494 manum
867 1428 1035 1514 praedictae
1050 1425 1197 1492 Acelinae
1211 1425 1390 1506 existente,

239 1514 282 1577 ad
306 1517 490 1582 valentiam
512 1518 679 1603 proedictae
704 1516 814 1582 tertiae
838 1516 946 1601 partis
972 1515 1078 1579 trium
1104 1535 1259 1579 acrarum
1281 1516 1391 1593 terrae,

239 1605 275 1665 et
297 1601 454 1670 similiter
477 1605 631 1690 capiatur
654 1604 696 1670 de
719 1607 813 1669 terra
837 1601 990 1688 praedicti
1010 1603 1180 1668 Johannis
1201 1600 1238 1665 in
1254 1621 1392 1665 manum

239 1687 368 1754 domini
383 1691 488 1776 Regis
503 1691 547 1756 ad
567 1691 751 1757 seleutiam
773 1691 942 1776 praedictae
961 1690 1073 1755 tertie
1086 1689 1196 1775 partis
1211 1687 1391 1754 tresdecim

238 1797 393 1842 acrarum
408 1782 518 1860 terrae,
530 1783 595 1844 etc.
633 1778 771 1860 111166,
782 1783 846 1844 616.
884 1778 931 1842 11
942 1777 1009 1863 ipsi
1020 1776 1293 1842 summoniantur
1302 1775 1392 1860 quod

239 1863 310 1927 sint
336 1865 392 1931 hic
415 1865 469 1933 die
492 1866 653 1931 Mercurii
675 1866 828 1952 proximo
850 1867 928 1950 post
949 1868 1020 1930 tres
1043 1863 1250 1950 septimanas
1274 1860 1392 1928 Sancti

237 1949 408 2017 Johannis
434 1953 610 2040 Baptistae.
656 1953 780 2020 Postea
805 1953 850 2018 61
876 1951 965 2017 diem
988 1952 1086 2017 illum
1111 1951 1205 2016 venit
1230 1949 1393 2036 praedicta

238 2037 394 2104 Asselina
410 2061 486 2104 cum
502 2041 661 2126 praedicto
681 2040 779 2107 breve
798 2043 834 2106 et
856 2039 1072 2104 warrantiaat
1086 2039 1248 2124 praedicto
1270 2036 1389 2102 Priori.

238 2123 322 2190 Ideo
345 2126 525 2210 praedictus
549 2127 649 2193 Prior
671 2130 789 2192 teneat
814 2127 851 2190 in
876 2147 969 2211 pace,
986 2130 1021 2191 61
1049 2125 1211 2211 praedicta
1233 2124 1392 2190 Ascelina

238 2212 363 2278 161661
386 2215 427 2280 16
450 2217 542 2280 terra
570 2214 722 2301 predicti
749 2213 883 2279 heredis
907 2214 944 2276 in
967 2214 1121 2279 custodia
1143 2234 1205 2279 666
1227 2213 1391 2280 existente

238 2299 282 2363 ad
325 2301 521 2382 valentiam,
567 2306 630 2367 etc.
697 2302 743 2365 11
781 2300 962 2386 praedictus
1002 2301 1150 2365 Thomas
1189 2300 1315 2385 optulit
1355 2319 1391 2365 se

237 2407 353 2452 versus
375 2389 576 2472 praedictum
596 2389 620 2454 J
621 2389 790 2454 ohannem
812 2388 854 2453 16
875 2387 1002 2473 placito
1018 2388 1107 2472 quod
1128 2387 1345 2453 wanantizet
1358 2387 1390 2452 ei

237 2475 432 2560 praedictam
453 2476 592 2542 tertiam
613 2480 746 2561 partem
768 2474 1007 2561 praedictarum
1034 2475 1215 2540 tresdecim
1237 2495 1391 2540 acrarum

238 2562 337 2626 1666
361 2583 438 2627 666
460 2563 687 2647 pertinentiis.
732 2563 779 2626 11
801 2561 873 2648 ipse
896 2583 965 2627 non
987 2562 1092 2628 venit.
1138 2563 1184 2628 11
1204 2562 1389 2628 vicecomes

213 2663 217 2671 ·
238 2651 387 2714 testatur
402 2649 491 2715 diem
501 2650 668 2736 captionis
680 2653 716 2715 et
726 2650 815 2735 quod
824 2648 1060 2716 summonitus.
1104 2649 1188 2715 Ideo
1203 2649 1392 2715 considera

238 2739 312 2800 tum
336 2742 388 2802 est
411 2738 500 2822 quod
522 2737 684 2824 praedicta
706 2735 865 2801 Ascelina
890 2741 1066 2823 recuperet
1090 2737 1249 2802 seisinam
1274 2757 1390 2802 versus

237 2823 437 2907 predictum
459 2824 623 2889 'I'homam
648 2824 689 2889 de
712 2823 816 2888 tertia
841 2829 939 2908 parte
960 2823 1197 2909 praedictarum
1211 2823 1391 2891 tresdecim

238 2931 393 2977 acrarum
413 2916 512 2978 terrae
533 2934 610 2978 cum
635 2910 863 2997 pertinentiis,
886 2916 922 2976 61
942 2911 1089 2978 Thomas
1104 2912 1229 2978 161661
1244 2912 1285 2977 16
1300 2917 1392 2978 terra

238 2998 392 3082 praedicti
406 2999 430 3064 J
430 2999 584 3080 6166616,
601 2999 645 3063 61
658 2999 852 3080 valentiam,
869 3008 934 3064 etc.

305 3161 423 3226 Assise
438 3161 531 3226 venit
545 3163 763 3250 recognitum
781 3163 810 3228 si
827 3162 1022 3229 Willelmus
1037 3164 1079 3228 16
1099 3163 1282 3244 Blumvill’,
1298 3167 1394 3248 peter

246 3248 405 3312 Willelmi
430 3248 472 3314 16
497 3250 679 3329 Blumvill’,
694 3251 764 3315 fuit
781 3251 925 3336 seysitus
948 3250 985 3314 in
1011 3249 1180 3316 dominico
1204 3272 1264 3317 suo
1291 3253 1331 3315 ut
1354 3252 1396 3317 de

239 3335 340 3401 feodo
355 3335 397 3402 de
411 3357 481 3402 uno
496 3337 688 3423 messuagio
704 3340 739 3402 61
753 3336 900 3422 triginta
913 3341 1002 3403 acris
1018 3342 1115 3404 terrae
1130 3360 1207 3404 cum
1221 3338 1393 3425 pertinen·

239 3423 813 3510 111616161661611,1166116616.
852 3425 948 3506 1161,
965 3429 1028 3491 etc.
1067 3425 1150 3507 Quia
1164 3427 1394 3512 messuagium

240 3515 276 3576 et
292 3514 417 3576 terram
432 3511 548 3594 Agnes
564 3512 606 3578 de
621 3510 811 3577 Bohcnfeld
826 3515 932 3594 16661,
945 3533 1019 3597 quaa
1033 3514 1183 3594 renitet
1198 3514 1394 3579 concordati

241 3602 332 3662 sunt.
377 3598 424 3662 11
444 3599 561 3684 Agnes
584 3600 644 3664 161
665 3599 824 3684 vigintis’
846 3620 907 3684 pro
927 3600 1067 3667 licentia
1088 3600 1314 3667 concordandi
1336 3622 1396 3687 per

241 3684 390 3771 plegium
414 3686 568 3770 praedicti
591 3685 756 3750 Willelmi
779 3687 821 3753 16
843 3685 1027 3752 Blumvill’.
1070 3689 1192 3753 11661
1215 3689 1395 3754 concordia

240 3771 321 3836 talis
336 3771 424 3858 quod
433 3773 596 3857 praedicta
607 3773 722 3859 Agnes
732 3773 945 3857 recognoscit
952 3775 1152 3860 preadictum
1161 3778 1395 3841 tenementum

240 3879 314 3925 esse
338 3859 395 3943 jus
424 3859 531 3945 ipsius
556 3860 719 3924 Willelmi
743 3863 779 3927 et
808 3862 839 3926 61
865 3861 977 3926 reddit
1000 3863 1219 3929 medietatem
1242 3863 1396 3948 predicti

241 3945 425 4031 messuagii
439 3952 474 4012 et
488 3951 587 4014 terrae
608 3968 649 4012 ex
670 3951 768 4032 parte
790 3948 1001 4016 occidentali.
1046 3950 1130 4016 Ideo
1144 3950 1270 4016 habeat
1292 3950 1395 4036 seysi-

241 4055 321 4098 nam
337 4055 444 4099 suam.
489 4035 536 4098 11
550 4057 612 4120 pro
622 4035 697 4116 166,
708 4041 785 4115 etc,
797 4035 888 4100 idem
900 4036 1092 4102 Willelmus
1103 4039 1271 4103 concessit
1286 4038 1392 4105 eidem

240 4120 371 4206 Agneti
392 4120 535 4186 alteram
558 4123 788 4204 medietatem,
805 4123 998 4188 16166166
1020 4129 1056 4189 61
1077 4125 1263 4190 16666166
1286 4125 1396 4194 61166

240 4208 369 4292 Agneti
383 4212 419 4274 et
434 4209 614 4275 heredibus
630 4209 700 4275 suis
715 4210 974 4296 imperpetuum.

305 4372 451 4438 Thomas
467 4373 509 4437 de
526 4372 830 4441 Snthmilnebnrne
846 4376 935 4462 petit
956 4397 1072 4443 versus
1087 4376 1234 4442 Alanum
1250 4378 1292 4444 de
1313 4378 1395 4443 Hir-

118 4524 123 4532 ,
240 4459 324 4525 lawe
339 4463 374 4525 et
388 4462 572 4547 Agnetem,
584 4482 723 4527 uxorem
739 4463 827 4550 ejus,
839 4465 1056 4531 medietatem
1067 4463 1169 4531 unius
1184 4465 1349 4553 mesuagii
1360 4469 1397 4531 61
