3272 5092
371 547 485 594 sssrzn
508 547 607 610 aona,
631 549 970 612 roarnonunanmn,
996 530 1014 597 7
1038 552 1125 600 nnw.
1150 554 1174 599 1.
1291 531 1355 598 229

200 700 283 767 Ideo
305 703 431 770 habeat
445 704 616 771 saisinam.
663 706 709 771 Et
730 705 900 773 Robertus
919 707 956 771 in
969 706 1045 773 mis'
1061 707 1142 792 quia
1163 706 1258 794 prius
1281 728 1352 774 non

200 790 361 872 reddidit,
375 795 440 858 etc.

261 944 427 1011 Ricardus
451 945 482 1012 le
498 946 722 1032 Chaumpyon
747 950 783 1012 et
805 948 988 1034 Margeria,
1010 968 1097 1014 uxor
1117 951 1202 1035 ejus,
1225 952 1350 1035 petunt

198 1048 314 1098 versus
339 1034 495 1115 Alioiam,
523 1055 596 1119 qua
619 1034 690 1099 fuit
715 1057 798 1101 uxor
825 1035 1022 1121 Sampsonis
1046 1036 1088 1103 de
1117 1037 1349 1123 Ooupelaund,

198 1117 337 1185 tertiam
366 1123 498 1206 partem
526 1123 637 1187 tertiae
665 1124 774 1208 partis
799 1123 901 1188 unius
929 1123 1114 1190 molendini
1140 1146 1217 1190 cum
1245 1124 1349 1212 perti-

197 1208 326 1273 nentiis
355 1207 401 1272 in·
423 1207 654 1294 Conpelaund,
679 1210 716 1274 in
746 1232 847 1295 quam
871 1210 988 1278 eadem
1011 1210 1122 1277 Alicio
1148 1232 1219 1276 non
1245 1213 1349 1278 habet

198 1292 391 1380 ingressum
413 1296 482 1361 nisi
504 1318 563 1383 per
585 1297 782 1382 pradictum
808 1298 1039 1383 Sampscnem
1056 1298 1226 1383 quondam
1241 1298 1350 1364 virum

196 1378 544 1536 iliiusdffltaeldgffi
576 1385 656 1486 inde
686 1385 823 1536 injpste,
854 1391 930 1468 etc,
958 1384 1141 1538 ‹tiisseisivit
1169 1387 1349 1472 predictos

242 1490 300 1534 cur
324 1492 413 1537 ume
504 1494 522 1535 r
546 1492 661 1552 enam,
700 1493 737 1537 cs
794 1494 915 1538 ninam
942 1495 1007 1540 ec.

261 1558 308 1621 Et
334 1557 496 1643 praedicta
519 1494 631 1624 {licia
655 1495 749 1625 vina
770 1495 815 1625 Iit
839 1523 937 1626 vocal
966 1560 1046 1624 inde
1073 1559 1116 1626 ad
1142 1564 1349 1627 warrantum

198 1642 320 1709 David'
337 1645 378 1710 de
399 1645 629 1731 Ooupelaund,
645 1647 704 1731 qui
728 1669 875 1732 praescus
895 1651 959 1728 est,
975 1651 1011 1715 et
1034 1647 1066 1713 ei
1080 1649 1299 1715 warrantizat
1313 1653 1349 1716 et

197 1731 353 1797 defendit
382 1733 438 1818 jus
464 1755 561 1799 suum
587 1735 732 1818 quando,
758 1738 822 1800 etc.
867 1735 914 1800 Et
943 1735 1028 1801 bene
1057 1736 1233 1819 cognoscit
1259 1736 1349 1821 quod

196 1819 359 1902 praedicta
387 1820 497 1886 Alicia
533 1821 638 1886 habet
675 1821 867 1908 ingressum
903 1822 940 1886 in
976 1822 1173 1907 praedictam
1209 1823 1348 1889 tertiam

196 1911 328 1988 partem
352 1907 505 1992 praedicti
529 1907 714 1975 molendini
737 1929 798 1994 per
820 1909 1020 1994 pradictum
1045 1910 1277 1994 Sampsonem,
1296 1916 1348 1977 set

195 1993 281 2060 bene
305 1994 459 2060 defendit
475 1997 563 2080 quod
585 1995 766 2081 praedictus
783 1996 949 2083 Sampson
971 2018 1040 2062 non
1056 1997 1239 2063 disseisivit
1263 2020 1348 2084 prae-

197 2079 306 2146 dictos
336 2082 520 2148 Ricardum
547 2085 583 2148 et
613 2083 819 2168 Margariam
849 2084 891 2149 de
919 2084 1082 2170 praedicta
1104 2084 1209 2151 tertia
1238 2089 1347 2170 parte,

195 2167 337 2253 injuste,
354 2173 417 2236 eto.
449 2172 495 2236 Et
510 2170 551 2236 de
566 2171 630 2236 hoc
644 2171 744 2256 ponit
760 2191 795 2236 se
811 2191 912 2256 super
926 2171 1086 2257 patriam.
1119 2172 1165 2236 Et
1180 2171 1346 2239 Ricardus

196 2259 231 2322 et
246 2256 417 2342 Margeria
433 2257 599 2323 similiter.
645 2257 728 2323 Ideo
743 2259 805 2323 fiat
820 2259 899 2325 inde
911 2261 1038 2346 jurata.

262 2343 385 2410 Postea
397 2345 550 2429 praedicti
566 2345 733 2410 Ricardus
746 2349 781 2412 et
796 2345 969 2432 Margaria
983 2367 1054 2413 non
1069 2350 1151 2411 sunt
1165 2348 1346 2432 prosecuti.

196 2429 279 2495 Ideo
299 2432 462 2516 praedicta
477 2433 588 2498 Alicia
611 2432 690 2499 inde
706 2433 778 2500 sine
803 2433 869 2514 die,
885 2435 920 2499 et
942 2433 1096 2518 praedicti
1123 2433 1288 2500 Ricardus
1311 2438 1347 2500 et

197 2517 368 2604 Margeria
383 2524 418 2584 et
440 2520 546 2607 plegii
561 2520 614 2585 sui
630 2521 671 2585 de
692 2521 925 2606 prosequendo
940 2521 978 2584 in
992 2521 1079 2601 mis',
1096 2521 1236 2603 scilicet,
1253 2522 1347 2588 Hen-

196 2604 285 2758 riops
308 2607 424 2672 Barun
446 2608 487 2673 de
513 2607 744 2692 Ooupelaund'
760 2612 795 2672 et
820 2607 1012 2673 Willelmus
1033 2607 1125 2674 filius
1149 2608 1290 2674 Roberti
1304 2609 1346 2675 de

196 2713 236 2758 oa
260 2715 324 2774 em,
341 2697 405 2760 etc.

260 2852 434 2918 Johannes
458 2852 500 2916 de
514 2851 736 2937 Wessington
755 2854 790 2915 et
813 2852 964 2936 Angues,
980 2871 1065 2916 uxor
1088 2852 1173 2952 ejus,
1188 2849 1344 2932 Matillis,

196 2958 289 3003 soror
318 2939 471 3025 ejusdem
500 2939 683 3024 Augustis,
709 2940 860 3024 Angues,
888 2937 960 3003 filia
988 2938 1115 3024 cherr
1144 2938 1282 3019 Modok,
1309 2943 1345 3003 et

195 3025 334 3107 Idonea,
359 3047 454 3092 soror
476 3027 626 3111 ejusdem
648 3025 830 3111 Anguetis,
846 3024 906 3109 qui
927 3024 1081 3089 tulerunt
1106 3025 1206 3090 breve
1231 3026 1345 3092 ussisse

193 3111 314 3178 'mo1tis
330 3114 553 3180 antecessoris
568 3134 684 3178 versus
706 3112 921 3193 Matillidem,
938 3133 1012 3196 quae
1026 3111 1097 3176 fuit
1111 3133 1197 3177 uxor
1218 3113 1344 3198 Rogeri

194 3200 327 3281 Modoc,
343 3221 412 3266 non
428 3205 509 3266 sunt
523 3201 704 3286 prosecuti.
749 3199 832 3264 Ideo
847 3199 915 3286 ipsi
930 3207 965 3264 et
986 3198 1092 3285 plegii
1108 3199 1161 3264 sui
1175 3199 1217 3264 de
1232 3221 1345 3285 prose·

194 3289 328 3372 quondo
348 3288 385 3352 in
400 3288 487 3370 mis',
504 3287 643 3368 scilicet,
659 3286 835 3354 Galfridus
854 3287 896 3352 de
911 3285 1087 3352 Oatcsfeld
1101 3290 1136 3353 et
1152 3286 1343 3354 Willelmus

193 3375 225 3440 le
242 3375 421 3456 Ohaloner,
437 3379 501 3442 etc.

257 3514 388 3594 limma,
405 3534 478 3597 quae
504 3512 574 3578 tuit
593 3533 677 3578 uxor
701 3513 724 3577 J
725 3511 871 3577 ohannis
897 3510 1019 3577 Clerici
1039 3511 1081 3578 de
1104 3511 1201 3578 Novo
1222 3512 1343 3579 Castro

194 3621 294 3686 super
318 3601 458 3686 Tynam,
486 3600 574 3686 petit
598 3621 713 3665 versus
737 3599 933 3664 Robertum'
956 3598 1063 3663 filiurn
1094 3599 1177 3664 Eliae
1205 3601 1342 3667 tertiam

192 3691 324 3773 partem
340 3687 440 3754 unius
455 3687 640 3772 messuagii
662 3691 697 3753 et
712 3686 837 3772 viginti
852 3693 887 3753 et
903 3707 962 3752 sex
977 3707 1131 3751 aerarum
1154 3689 1251 3752 terrae
1266 3710 1342 3755 cum

191 3775 409 3862 pertinentiis
446 3775 483 3839 in
525 3775 794 3860 Thokerington,
832 3776 867 3841 et
904 3795 1019 3839 versus
1056 3773 1264 3838 Willelmum
1301 3775 1342 3842 de

191 3862 449 3949 Thokerington
477 3863 617 3928 tertiam
646 3865 779 3947 partem
808 3860 909 3926 unius
939 3861 1135 3946 messuagii,
1165 3861 1342 3928 duodecim

193 3971 346 4016 acrarum
360 3955 458 4015 terrae
470 3953 505 4018 et
520 3971 577 4015 sex
589 3969 743 4016 acrarum
753 3947 845 4033 prati
856 3969 933 4013 cum
947 3946 1164 4033 pertinentiis
1179 3947 1216 4012 in
1225 3950 1342 4014 eadem

191 4037 283 4117 villa,
306 4040 342 4103 et
367 4059 482 4103 versus
512 4038 701 4104 Johannem
730 4036 771 4101 de
799 4035 1017 4101 Swineburne
1043 4035 1182 4100 tertiam
1210 4039 1342 4121 partem

190 4125 293 4192 unius
308 4126 403 4206 tofti,
419 4130 565 4209 quatuor
580 4145 734 4190 acrarum
750 4127 859 4203 terrae,
875 4123 1028 4189 etunius
1051 4142 1137 4187 acrae
1159 4124 1248 4208 prati
1265 4145 1341 4188 cum

189 4213 407 4297 pertinentiis
422 4214 459 4277 in
468 4213 586 4278 eadem
600 4212 691 4291 villa,
708 4214 748 4276 ut
763 4211 878 4276 dotem
893 4231 1000 4290 suam,
1016 4212 1081 4274 etc.
1127 4209 1173 4274 Elt
1187 4211 1341 4295 praedicti

189 4300 370 4382 Robertus,
387 4300 589 4380 Willelmus,
606 4303 641 4364 et
664 4298 838 4364 Johannes
863 4298 1016 4377 veniunt,
1032 4301 1067 4364 ot
1092 4296 1284 4365 Willelmus
1305 4302 1340 4365 et

188 4388 211 4453 J
212 4389 374 4470 ohannes,
390 4387 432 4454 de
459 4387 662 4454 tenementis
678 4407 794 4452 versus
820 4405 877 4451 eos
902 4384 1032 4470 petitis,
1048 4389 1173 4450 vocant
1188 4385 1231 4451 ad
1255 4408 1341 4452 war-

188 4479 327 4541 rantum
341 4475 540 4562 praedictum
555 4475 752 4555 Robertum,
768 4473 827 4558 qui
849 4493 995 4558 prasens
1011 4476 1064 4537 est
1078 4474 1114 4537 et
1129 4471 1179 4537 eis
1196 4494 1341 4538 warran-

188 4562 285 4645 tizat‚
322 4569 359 4629 et
393 4584 453 4650 per
489 4562 664 4629 licentiam
700 4559 815 4626 reddit
850 4559 960 4625 eidem
997 4559 1125 4624 limma
1162 4560 1339 4646 pradictus
