3278 5104
351 534 465 582 nssmn
488 531 586 597 soto,
609 534 947 596 nonnnuunnunnnn,
971 513 1012 580 53
1035 535 1117 582 nnn.
1140 536 1196 584 111.
1287 515 1351 582 159

271 690 446 758 Johonnes
475 688 565 756 filius
590 688 758 756 Johsnnis
782 688 846 754 filii
870 688 1024 770 Potitii,
1052 691 1109 775 qui
1137 689 1220 756 tulit
1251 689 1351 759 breve

207 779 326 846 mortis
358 776 581 845 antecessoris
610 797 726 843 versus
755 776 947 843 Johunnem
977 778 1084 842 filium
1110 777 1277 845 Wuldevi¹
1310 779 1352 845 de

208 869 404 934 tenemento
418 865 455 930 in
480 865 719 950 Edelinghnm,
734 886 812 936 non
826 867 880 932 cst
904 868 1115 951 prosecutis,
1130 865 1208 931 ideo
1230 865 1303 952 ipse
1317 870 1354 933 et

208 954 312 1040 plegii
335 954 388 1020 sui
414 953 455 1020 de
476 952 709 1039 prosequendo
731 937 767 1016 in
793 953 881 1035 mis’,
905 951 1044 1032 scilicet,
1065 953 1240 1019 Johennes
1262 954 1353 1020 filius

208 1041 372 1195 wgllemi
406 1041 448 1106 de
482 1039 708 1126 Edelinghem
749 1043 785 1105 et
819 1039 985 1130 Ricardus
1021 1040 1111 1106 filius
1140 1041 1277 1108 Thomu
1312 1043 1353 1107 de

206 1150 246 1197 eu
270 1150 333 1195 em.

269 1274 456 1342 Nicholuus
471 1272 597 1341 Oorbet
612 1275 647 1338 et
663 1271 844 1359 Margexiu,
860 1293 944 1338 uxor
959 1274 1043 1358 ejus,
1057 1295 1118 1359 per
1139 1278 1352 1343 sttomotum

203 1385 312 1445 suum,
327 1366 450 1448 petunt
463 1361 612 1427 Alsnum
627 1360 668 1426 de
690 1359 880 1446 Spyreden'a
886 1367 926 1428 ut
947 1360 1102 1426 notis-um
1116 1364 1151 1428 et
1165 1362 1351 1448 fugitivum

207 1471 306 1516 suum
321 1471 398 1516 cum
412 1449 569 1515 omnibus
585 1447 727 1528 catallis,
743 1449 807 1512 etc.
852 1447 898 1511 Et
912 1447 1043 1514 Alenus
1063 1449 1168 1516 venit.
1213 1451 1259 1515 Et
1274 1473 1352 1518 con·

206 1537 335 1604 cordati
351 1540 442 1604 sunt.
501 1536 547 1602 Et
568 1535 753 1601 Nicholous
769 1534 829 1599 det
842 1555 947 1599 unum
968 1556 1117 1602 mercam
1131 1559 1193 1622 pro
1214 1538 1354 1606 licentio

206 1624 442 1690 concordandi.
487 1623 533 1687 Et
548 1625 601 1688 est
621 1621 799 1688 concordis
813 1620 893 1687 tulis
916 1624 1005 1707 quod
1025 1624 1205 1708 predictus
1220 1626 1352 1693 Alanus

205 1711 417 1798 recognoscit
437 1731 472 1776 se
488 1729 560 1775 esse
587 1708 751 1775 villanum
773 1709 1010 1793 pmdictorum
1032 1710 1191 1777 Nicholei
1205 1715 1240 1777 et
1258 1714 1351 1778 Mur-

208 1797 319 1885 geriae,
334 1797 410 1863 ideo
435 1800 636 1883 recuperent
662 1795 820 1862 seisinem
844 1817 941 1862 susm
967 1797 1008 1864 ds
1023 1797 1095 1883 ipso
1121 1800 1286 1884 tanquam
1311 1801 1352 1867 de

207 1886 332 1952 villone
347 1906 420 1966 suo,
436 1889 500 1951 etc.

270 2041 423 2126 Rogerus
432 2038 581 2104 Moudut
589 2037 691 2124 petiit
701 2038 737 2102 in
747 2035 913 2104 comitatu
923 2037 1144 2124 Radulphum
1156 2039 1186 2107 le
1201 2041 1353 2108 Lorimer

207 2133 248 2194 ut
276 2127 431 2192 nativum
452 2130 487 2193 et
512 2126 697 2212 fugitivum
718 2146 816 2190 suum
837 2125 896 2210 qui
909 2124 1004 2212 fugit
1024 2126 1066 2191 de
1080 2129 1173 2194 terro
1187 2150 1250 2195 suo
1274 2134 1353 2216 post

206 2215 366 2281 ultimum
380 2213 528 2281 reditum
546 2213 675 2277 domini
689 2212 712 2277 J
713 2214 723 2243 '
738 2213 842 2298 Regis
864 2213 972 2299 patris
988 2213 1117 2281 domini
1132 2215 1237 2302 Regis
1262 2239 1354 2284 nunc

207 2303 248 2368 de
271 2301 448 2389 Hybernie
468 2300 506 2363 in
534 2299 706 2384 Anglium,
730 2299 780 2363 ite
810 2299 899 2384 quod
923 2298 1015 2366 idem
1043 2301 1244 2389 Radulphus
1270 2305 1352 2372 tulit

204 2388 303 2455 breve
333 2387 463 2455 domini
492 2386 597 2473 Regis
626 2385 668 2452 de
696 2385 857 2451 libertate
883 2407 946 2451 suo
969 2388 1152 2473 probanda,
1179 2411 1240 2477 per
1264 2393 1353 2478 quod

205 2475 338 2562 loquele
366 2475 435 2541 iste
459 2473 572 2560 posite
595 2473 665 2538 fuit
694 2493 806 2539 coram
832 2472 1040 2540 Justicieriis
1068 2476 1136 2543 hic.
1181 2479 1228 2543 Et
1252 2479 1352 2544 modo

205 2564 299 2630 venit
314 2563 492 2648 pmedictns
507 2562 671 2647 Rogerus,
687 2564 723 2626 et
738 2559 822 2625 dicit
842 2560 931 2644 quod
948 2561 1021 2646 ipse
1035 2561 1105 2626 fuit
1119 2565 1155 2628 in
1171 2565 1296 2631 seisine
1311 2567 1352 2633 de

205 2650 367 2736 praedicto
392 2649 584 2734 lundulpho,
611 2651 650 2712 ut
673 2647 715 2712 de
739 2645 864 2711 villano
890 2667 961 2728 suo,
977 2651 1017 2713 nt
1032 2649 1074 2714 dc
1102 2650 1203 2717 feodo
1218 2657 1253 2718 et
1276 2653 1353 2739 juro

205 2740 357 2823 tempore
381 2735 510 2801 domini
524 2734 631 2821 Regis
646 2754 747 2813 nunc,
764 2733 927 2819 cupiendo
942 2735 1089 2821 expletio
1106 2743 1146 2803 ut
1161 2739 1352 2818 devillonis

207 2823 507 2892 consuetudinibus
537 2827 572 2888 et
599 2821 766 2886 tulliendo
791 2821 903 2906 ipsum
932 2821 973 2886 de
1002 2823 1072 2888 olto
1101 2829 1136 2890 et
1164 2826 1263 2893 bosso
1292 2849 1353 2912 pro

204 2913 380 2978 voluntate
400 2931 462 2977 suo
477 2929 648 2995 quousque
664 2909 736 2993 jem
752 2910 882 2993 septem
897 2908 995 2974 annis
1010 2909 1144 2997 elapsis,
1159 2914 1248 2997 quod
1263 2913 1352 2982 idem

205 2999 405 3084 liudulphus
434 2996 528 3082 fugit
553 2996 595 3063 de
617 2999 708 3060 tenu
732 2993 838 3080 ipsius
868 2994 1005 3081 Rogeri,
1035 2998 1126 3066 unde
1156 3000 1353 3086 dicitquod

205 3086 428 3154 detenorotus
444 3087 541 3151 estet
554 3083 738 3169 dompnum
754 3081 858 3147 hebet
872 3082 916 3146 od
929 3083 1113 3149 velentium
1129 3088 1354 3175 quodraginta

206 3173 252 3254 li',
268 3176 304 3238 et
318 3172 397 3237 inde
411 3169 568 3258 producit
586 3173 724 3250 sectum,
741 3171 805 3234 etc.

268 3260 315 3325 ut
341 3259 540 3344 Rudulphus
565 3257 660 3322 venit
675 3262 711 3321 et
730 3255 884 3323 defendit
905 3256 975 3321 vim
991 3261 1026 3323 et
1048 3257 1212 3345 injuriam
1227 3267 1261 3329 et
1283 3285 1352 3329 om-

203 3368 281 3411 nem
298 3347 505 3422 servitutem,
522 3344 668 3429 quondo,
691 3347 755 3408 etc.
800 3343 846 3407 Et
869 3344 955 3409 bene
979 3345 1132 3412 defendit
1158 3350 1247 3432 quod
1272 3374 1353 3436 prae.

205 3435 316 3500 dictus
335 3434 488 3518 Rogerus
509 3451 702 3516 nuncque-m
722 3429 792 3495 fuit
814 3430 851 3493 in
875 3431 999 3497 seisine
1022 3432 1064 3497 dc
1077 3433 1151 3518 ipso
1173 3436 1373 3524 liudulpho,

204 3524 244 3586 ut
260 3521 300 3586 de
315 3520 439 3585 villano
455 3538 526 3584 suo.
567 3517 662 3583 Dicit
677 3517 768 3581 enim
783 3517 872 3602 quod
886 3519 959 3604 ipse
973 3519 1059 3584 liber
1075 3520 1174 3587 homo
1189 3529 1251 3605 est,
1269 3527 1355 3592 etin

205 3608 311 3673 libero
326 3610 445 3688 stetu,⁸
455 3604 511 3690 qui
526 3605 620 3670 venit
635 3605 677 3670 de
688 3603 843 3690 pertibus
855 3604 1061 3688 Normuniis‚
1073 3612 1109 3673 et
1120 3610 1188 3694 qui,
1199 3611 1241 3676 de
1250 3635 1354 3680 uxore

206 3716 268 3760 suo
281 3694 433 3779 legitime
449 3693 514 3758 sibi
529 3692 742 3778 desponsata,
754 3693 941 3776 procreavit
953 3694 1120 3778 quendem
1139 3697 1355 3782 Willelmum‚

205 3785 337 3867 petrem
361 3781 468 3866 ipsius
491 3778 676 3864 Rudulphi‚
692 3782 728 3845 et
743 3778 832 3863 quod
857 3777 947 3844 idem
967 3781 1158 3849 Willelmus
1185 3785 1227 3850 de
1253 3807 1355 3854 uxore

206 3890 269 3934 suo
282 3867 435 3953 legitime
451 3866 515 3932 sibi
529 3869 718 3953 procreavit
732 3865 844 3950 ipsum
863 3865 1091 3952 Radulphum,
1107 3870 1158 3936 ite
1169 3874 1259 3955 quod
1272 3896 1354 3959 prae.

206 3956 318 4022 dictus
345 3955 499 4056 Rogems
525 3953 577 4018 vel
605 3955 833 4020 antecessores
858 3953 912 4017 sui
939 3975 1131 4056 nuncquom
1154 3958 1295 4026 fuerunt
1318 3962 1356 4026 in

206 4064 346 4195 titt
369 4043 514 4210 {tulf
525 4039 808 4214 nlllqlilnll
828 4042 1106 4213 diffidi
1129 4050 1356 4203 tuitii

206 4217 259 4282 sni
289 4238 457 4302 unoquom
486 4214 623 4302 aliquod
652 4218 885 4283 tenementum
913 4214 955 4281 de
983 4217 1144 4302 proedicto
1166 4222 1298 4308 Rogero
1319 4225 1357 4289 in

238 4390 338 4444 ¹John
349 4406 395 4442 son
403 4391 431 4442 cl
439 4389 556 4443 Waldev'
567 4389 754 4456 holdlldeling-
837 4383 963 4456 ’Supply
986 4406 1054 4443 some
1080 4394 1143 4446 such
1170 4395 1253 4448 words
1277 4413 1304 4449 ss
1331 4407 1357 4452 et

205 4456 499 4590 ῗιιῖιῶᾗιζήιθιξέξιιῑ
509 4458 537 4510 cl
547 4457 656 4510 Dunbar
667 4457 755 4520 (uena
779 4515 782 4522 ,
804 4457 986 4590 &moiffone
1004 4459 1140 4526 Euoras«,
1157 4479 1218 4513 m
1235 4468 1358 4528 predicti
