3278 5104
397 590 513 636 nssrar
535 592 634 653 rona,
658 592 993 652 ronrnuuanansrn,
1016 572 1058 636 40
1081 593 1163 638 aar.
1187 593 1241 637 111.
1352 570 1393 635 88

247 741 435 824 sinistrum,
450 751 486 811 et
508 745 559 812 ita
587 746 838 814 maletractavit
860 767 945 825 eam,
962 746 1052 830 quod
1074 745 1178 812 tertio
1193 746 1249 813 die
1273 747 1393 832 postea

247 829 325 896 inda
341 831 436 897 obiit.
481 833 528 897 Et
542 832 733 899 Willelmus
746 833 864 898 statim
873 834 966 920 fugit
976 832 1265 901 etmalecreditur.
1311 833 1394 898 Ideo

247 918 402 1004 erigatur
435 923 470 985 et
508 922 693 1006 utlagatus.
752 920 886 986 Catella
911 923 983 1005 ejus
1012 942 1079 985 xxv
1088 921 1132 1002 d’,
1161 922 1251 985 unde
1275 921 1394 986 villata

247 1006 459 1090 respondeat.
505 1008 551 1071 Et
573 1009 737 1092 quiahoc
758 1008 889 1074 factum
907 1009 976 1073 fuit
994 1009 1036 1073 de
1056 1008 1111 1073 dic
1131 1011 1166 1076 et
1183 1008 1303 1074 villata
1324 1029 1393 1073 non

248 1094 338 1178 cepit
352 1093 476 1179 ipsum,
491 1095 568 1160 ideo
583 1095 620 1158 in
635 1096 721 1161 mis'.

312 1230 479 1297 Ricardus
517 1233 559 1298 de
578 1259 579 1262 ¹
595 1234 745 1314 Neuton,
770 1233 974 1320 capellanus,
1008 1233 1178 1319 Magister
1213 1232 1393 1320 hospitalis

248 1317 381 1384 Sancta
404 1319 606 1404 Margaretae
630 1322 671 1387 dc
696 1321 876 1406 Westgat’,
899 1321 962 1386 ivit
985 1321 1021 1386 in
1044 1320 1170 1386 lactum
1197 1342 1296 1386 suum
1318 1341 1393 1386 cum

247 1403 411 1472 fratribus
427 1407 580 1492 ejusdem
602 1407 732 1489 domus,
749 1409 786 1472 in
809 1409 1018 1489 dormitoria
1045 1413 1080 1474 ct
1102 1409 1237 1492 quando
1259 1408 1394 1473 iverunt

247 1493 291 1557 ad
315 1494 501 1559 matutinas
525 1495 727 1561 dimiserunt
752 1496 896 1568 eundem
918 1495 1129 1581 capellanum
1151 1495 1296 1561 inlecto
1322 1516 1393 1574 suo,

248 1580 329 1665 quia
342 1581 430 1645 dixit
445 1603 480 1646 se
505 1603 577 1647 esse
604 1582 784 1648 infirmum.
831 1582 957 1648 Statim
971 1587 1049 1669 post
1064 1603 1230 1650 recessum
1245 1583 1394 1647 fratrum

132 1709 141 1730 .
248 1688 395 1747 suorum,
421 1668 484 1733 ivit
502 1669 668 1735 Ricardus
692 1671 728 1733 in
752 1691 919 1737 cameram
940 1669 1142 1736 forinsecam
1158 1673 1193 1736 et
1217 1670 1394 1756 suspendit

248 1775 285 1820 se
307 1755 419 1840 ipsum
448 1777 533 1822 cona
559 1778 631 1822 sna.
692 1756 892 1838 Willelmus,
919 1757 1028 1842 pistor
1051 1757 1240 1843 hospitalis,
1265 1757 1394 1842 primus

247 1842 414 1923 inventor,
452 1844 546 1908 venit
582 1848 617 1909 et
653 1866 722 1909 non
759 1844 1008 1925 maleereditur,
1045 1866 1108 1909 neo
1144 1844 1265 1930 aliquis
1296 1844 1393 1908 alius.

249 1929 432 2012 tudinium,
448 1929 576 1999 felonia
591 1931 632 1996 de
648 1953 693 1996 se.
739 1931 844 1996 Nulla
864 1931 998 2018 propria
1015 1931 1136 1997 habuit
1151 1931 1285 1998 catalla.

314 2077 366 2141 De
374 2077 476 2162 prisis
488 2077 617 2142 domini
628 2077 744 2162 Regis,
758 2077 876 2142 dicunt
889 2076 978 2162 quod
989 2077 1080 2162 apud
1091 2077 1224 2142 Novum
1237 2078 1394 2142 Castrum

247 2183 309 2248 per
323 2165 514 2248 quindecim
529 2164 601 2229 dies
617 2169 698 2232 ante
721 2165 994 2231 Pnrificationem
1015 2165 1128 2231 Beatae
1142 2165 1269 2244 Mariae,
1286 2167 1322 2228 et
1335 2184 1396 2250 per

248 2250 439 2335 quindecim
454 2252 525 2317 dies
540 2255 669 2337 postea,
684 2255 799 2336 potest
814 2251 1084 2317 constabularius
1099 2251 1203 2316 castri
1218 2271 1336 2336 capere
1352 2251 1395 2315 ad

249 2359 333 2424 opus
349 2359 457 2418 suum,
474 2339 502 2404 si
518 2339 671 2416 voluerit,
688 2342 824 2403 centum
847 2338 1016 2418 hadocos,¹
1032 2338 1059 2403 si
1081 2339 1309 2418 inveniantur,
1335 2359 1396 2423 pro

249 2425 359 2492 sexd’.
404 2426 450 2490 nt
474 2419 711 2513 similiter-per
734 2429 846 2490 totum
871 2445 998 2489 annum
1023 2446 1142 2512 capere
1157 2430 1270 2510 potest
1291 2446 1396 2489 unam

248 2511 445 2593 morucam,⁹
467 2511 519 2578 vel
540 2534 646 2576 unum
672 2533 804 2598 gunger
824 2512 1047 2593 bastardum,³
1067 2513 1120 2578 vel
1143 2534 1246 2577 unam
1268 2533 1394 2597 rapam,

248 2620 310 2684 pro
325 2598 338 2684 j
351 2599 395 2679 d',
411 2600 440 2664 si
454 2604 523 2700 tres
539 2600 591 2666 vel
612 2599 725 2685 plures
740 2599 961 2700 inveniantur
971 2599 1007 2662 in
1023 2599 1136 2684 aliquo
1158 2598 1293 2700 batallo.
1339 2599 1397 2664 Ita

250 2685 1396 2859 aasabacbulrra:strucastistas

250 2860 352 2946 piscis
368 2863 402 2925 et
417 2859 527 2925 carnis
543 2882 602 2945 per
616 2861 651 2924 xl
667 2861 737 2926 dies
752 2863 899 2925 tantum.
943 2860 989 2924 ut
1012 2865 1080 2925 tam
1099 2860 1158 2924 diu
1179 2882 1280 2944 quam
1296 2860 1398 2925 debet

250 2949 314 3014 hoc
324 2947 486 3027 debitum,
500 2969 568 3012 non
577 2947 678 3014 debet
689 2968 806 3032 capere
818 2947 892 3033 plus
908 2949 952 3012 ad
961 2947 1160 3033 preadictum
1171 2947 1397 3013 creditorem.4

314 3085 489 3150 Juratores
504 3088 711 3171 prasentant
727 3085 815 3168 quod
827 3083 1017 3150 Willelmus
1032 3086 1186 3169 Heyrun,
1202 3084 1396 3166 vicecomes,

251 3173 342 3257 oepit
350 3172 373 3237 J
374 3173 544 3238 ohannem
559 3172 726 3238 Olericum
735 3192 795 3257 pro
807 3172 951 3255 quadam
964 3171 1181 3257 responsione
1193 3172 1395 3253 voluntaria,

251 3263 286 3325 et
300 3261 410 3344 ipsum
433 3260 554 3324 deduci
569 3259 728 3345 praecepit
743 3259 779 3322 in
792 3259 979 3338 castellum,
997 3262 1032 3323 et
1045 3259 1156 3344 ipsum
1171 3259 1322 3323 detinuit
1337 3281 1397 3345 per

250 3346 263 3433 j
289 3350 422 3412 noctem
450 3352 568 3412 contra
592 3345 729 3410 vadium
754 3349 790 3410 et
814 3345 975 3431 plegium.
1032 3346 1160 3411 Dicunt
1175 3346 1278 3410 etiam
1307 3347 1399 3430 quod

252 3433 521 3499 constabularius
537 3433 692 3519 ejusdem
716 3433 819 3497 castri
845 3435 934 3517 cepit
964 3433 1117 3513 bordum,
1133 3432 1270 3497 nomine
1299 3433 1398 3518 prisae

250 3520 378 3586 domini
401 3520 517 3606 Regis,
539 3542 561 3584 a
583 3521 727 3604 quodam
750 3531 855 3584 nauta
879 3519 921 3584 de
943 3519 1172 3606 Northvveye,⁶
1189 3520 1247 3602 qui
1269 3519 1398 3605 juravit

252 3607 340 3693 quod
354 3628 526 3692 nunquam
541 3607 714 3674 accederet
736 3608 779 3671 ad
793 3606 927 3672 Novum
950 3605 1107 3672 Castrum
1131 3627 1205 3671 cum
1229 3606 1397 3691 aliquibus

250 3694 358 3796 bonis,
374 3716 436 3760 nec
446 3695 579 3821 ⁶aliquis
596 3694 682 3759 alius
696 3716 797 3778 quem
807 3692 969 3779 impedire
984 3697 1109 3779 posset,
1125 3694 1206 3758 dum
1220 3694 1293 3779 ipse
1309 3699 1398 3798 esset

250 3802 444 3848 uceeomes.

315 3919 444 3985 Dicunt
481 3919 585 3985 ctiam
633 3919 723 4003 quod
758 3918 941 3984 vicecomes
978 3917 1068 4003 cepit
1105 3917 1185 3984 vina
1221 3917 1399 4002 cujusdam

250 4007 457 4088 mercatoris,
474 4008 532 4091 qui
554 4007 738 4073 vocabatur
760 4005 875 4072 Punce
891 4005 1038 4085 nomine,
1055 4005 1091 4068 in
1114 4005 1260 4089 quodam
1276 4005 1399 4070 celario

250 4114 311 4181 per
332 4116 374 4160 xv
388 4094 458 4188 dier
483 4096 518 4158 at
540 4093 629 4179 oepit
644 4093 686 4157 de
709 4092 834 4159 eisdem
859 4092 907 4178 xij
935 4092 1043 4174 dolea,
1068 4091 1241 4176 quodlibet
1265 4091 1399 4159 doleum

285 4265 294 4299 ¹
311 4267 457 4320 Haddockv.
885 4263 896 4296 ⁶
913 4265 995 4318 What
1012 4266 1033 4316 is
1050 4267 1173 4331 probably
1190 4269 1277 4319 meant
1295 4267 1355 4318 horo
1372 4267 1401 4330 is,

284 4331 579 4396 ’Morucacoodflsb
851 4333 909 4383 that
919 4333 952 4384 ha
964 4348 1043 4385 svvore
1060 4333 1092 4384 he
1103 4333 1187 4384 would
1198 4349 1275 4385 never
1286 4349 1357 4385 como
1373 4337 1401 4384 to

285 4399 296 4431 ¹
313 4401 443 4468 Probably
460 4417 563 4468 conger,
574 4401 626 4452 and
637 4417 727 4467 rapam
743 4415 799 4466 pro·
851 4400 996 4452 Naucastls
1007 4400 1069 4451 with
1086 4415 1137 4465 any
1155 4399 1240 4464 goods,
1253 4415 1301 4451 nor
1317 4401 1401 4452 would

249 4468 393 4586 *aaa
850 4466 1402 4599 ‘csseantecessurus

284 4601 295 4633 ⁵
311 4574 432 4670 Noivray.
849 4549 967 4652 ibant,
1185 4609 1187 4621 ·
1208 4666 1227 4730 2

1163 4685 1185 4730 G
