3272 5092
377 493 492 538 sssmn
514 494 611 555 nom,
635 494 973 556 acerrimarum,
998 473 1017 538 7
1040 495 1128 540 now.
1151 495 1177 540 1.
1291 473 1347 538 231

270 646 493 713 stainardus
505 647 609 730 venit,
622 651 658 714 et
673 652 771 714 vocat
786 648 865 713 inde
880 647 924 714 ad
938 650 1146 714 warrantum
1160 647 1183 713 J
1185 647 1354 716 ohannem

204 731 314 797 filium
330 735 496 800 iohannis
512 736 552 802 de
567 735 682 816 Herle,
692 736 751 820 qui
766 740 819 802 est
834 735 926 800 inira
940 739 1086 800 atatem.
1132 735 1178 800 Et
1192 735 1355 821 pradicta

204 818 564 990 pidaggppgnpppcidem
579 823 764 908 cognoscit.
809 823 892 888 Ideo
910 822 1044 907 loquela
1058 827 1232 888 remaneat
1247 842 1354 907 usqua

266 1047 398 1130 limma,
422 1069 495 1132 quae
518 1047 589 1112 fuit
614 1068 699 1112 uror
722 1046 805 1112 Adae
826 1047 868 1113 da
895 1047 1099 1128 Bedanhale,
1126 1047 1215 1134 petit
1237 1067 1352 1115 versus

202 1131 411 1200 willelmum
434 1135 475 1202 de
499 1135 689 1202 Middelton
712 1135 852 1199 tertiam
877 1140 1010 1220 partem
1029 1134 1133 1200 unius
1155 1133 1351 1220 messuagii,

201 1220 349 1305 quinque
374 1219 552 1300 mitorum,
578 1220 702 1307 viginti
732 1226 767 1287 et
797 1225 943 1305 quatuor
968 1243 1122 1288 acrarum
1147 1226 1244 1287 terrae
1273 1242 1351 1286 cum

201 1307 419 1392 pertinentiis
457 1308 494 1372 in
530 1307 736 1388 Bedenhale,
766 1308 987 1394 Baumburg',
1020 1309 1176 1390 Praston,
1206 1308 1352 1375 Warne-

201 1395 322 1476 muth’,
339 1399 373 1460 et
394 1396 538 1476 Burton,
554 1400 594 1460 nt
609 1394 724 1460 dotem
741 1418 847 1478 suam,
863 1400 928 1462 etc.
975 1397 1021 1461 Et
1035 1395 1229 1461 Willelmus
1243 1395 1350 1477 venit,

201 1485 237 1545 et
264 1485 361 1547 vocat
396 1482 476 1549 inde
505 1481 550 1546 ad
578 1488 784 1548 wanantum
822 1482 1025 1570 Margariam
1059 1489 1094 1547 et
1132 1482 1351 1563 cristianam,

201 1589 331 1634 sorores
347 1573 382 1634 et
404 1569 544 1636 heredes
558 1569 641 1635 Aac
655 1571 697 1635 de
714 1569 917 1651 Bedenhale,
933 1591 1007 1654 quta
1021 1575 1205 1655 prasentes
1221 1572 1354 1636 suntet

201 1656 232 1722 ei
263 1657 516 1738 warrantinant,
548 1661 583 1722 et
612 1657 759 1722 reddunt
795 1658 963 1743 praedictae
992 1657 1119 1722 Mmmoe
1155 1656 1351 1743 praedictam

202 1745 316 1808 dotem
341 1765 447 1810 suam.
493 1744 576 1811 Ideo
596 1745 847 1811 consideratum
863 1750 915 1810 est
935 1745 1025 1829 quod
1047 1744 1208 1830 praedicta
1230 1746 1352 1810 Emma

199 1831 326 1897 habeat
355 1830 516 1896 saisinam
546 1853 653 1913 suam,
678 1836 713 1899 et
742 1832 923 1917 praedictus
947 1830 1137 1896 Willelmus
1167 1835 1285 1898 teneat
1313 1831 1351 1896 in
1408 1889 1411 1894 .

199 1939 292 2003 pace.
351 1919 398 1983 llt
424 1919 585 2004 praedicta
614 1920 736 1985 Emma
762 1919 888 1985 habeat
914 1918 955 1984 de
984 1923 1077 1984 terra
1112 1919 1350 2004 pmdictarum

200 2005 379 2092 Margarita
394 2011 429 2073 et
444 2007 621 2071 Cristianae
636 2008 673 2070 in
681 2006 755 2070 loco
769 2005 979 2092 competenti
993 2007 1037 2071 ad
1051 2005 1246 2086 valentiam,
1262 2008 1327 2072 etc.

263 2143 419 2224 Isabella,
436 2165 507 2229 qaae
530 2145 601 2209 fuit
624 2164 709 2209 uxor
734 2143 876 2208 Roberti
899 2143 940 2209 de
966 2143 996 2208 la
1023 2143 1238 2224 Ohaumbre,¹
1262 2143 1351 2229 petit

197 2251 310 2297 versus
325 2231 532 2316 Magistrum
547 2231 737 2316 Hospitalis
758 2230 800 2296 de
821 2230 1048 2296 Gaehebum’2
1062 2231 1203 2296 tertiam
1218 2235 1349 2316 partem

198 2317 303 2381 trium
329 2339 483 2383 acrarum
503 2324 600 2385 ten-«a
624 2340 702 2385 cum
730 2317 949 2404 pertinentiis
973 2319 1010 2381 in
1034 2316 1223 2383 Oaldcwell’
1250 2317 1351 2404 juxta

199 2403 348 2485 Olafton,
364 2410 399 2470 et
425 2427 540 2470 versus
562 2406 746 2470 Ricardum
772 2404 814 2480 de
841 2403 1031 2506 Crokyston
1055 2405 1194 2472 tertiam
1217 2409 1350 2506 partem

198 2491 322 2578 viginti
349 2514 501 2558 acrarum
525 2498 623 2558 terrae
648 2513 725 2556 cum
755 2491 971 2577 pertinentiis
996 2491 1033 2555 in
1056 2491 1173 2558 eadem
1200 2492 1290 2569 nlla,
1314 2495 1350 2556 et

198 2600 312 2645 versus
343 2579 516 2644 Simonem
543 2579 650 2644 filium
683 2578 825 2645 Robarti
854 2580 897 2643 de
927 2579 961 2644 la
989 2578 1180 2644 (lhaumbre
1210 2579 1349 2646 tertiam

198 2673 329 2752 partem
367 2667 595 2752 quadraginta
633 2687 786 2731 acrarum
816 2671 914 2732 terrae
943 2687 1020 2732 cum
1057 2666 1275 2752 pertinentiis
1312 2667 1349 2730 in

198 2753 315 2819 eadem
329 2753 420 2834 villa,
436 2762 476 2818 ut
488 2753 602 2818 dotem
619 2774 725 2834 suam,
742 2756 805 2820 eto.

263 2841 308 2906 Et
332 2841 499 2926 Magister
518 2844 554 2905 et
577 2840 636 2905 alii
659 2840 813 2920 veniunt,
833 2845 868 2905 et
887 2839 1066 2925 Magister,
1088 2840 1130 2905 de
1152 2843 1349 2907 tenemento

197 2949 311 2993 versus
336 2949 413 2993 eum
436 2928 557 3012 petito,
574 2927 658 2992 alias
673 2931 771 2992 vocat
794 2927 838 2992 ad
854 2931 1059 2992 warrantum
1075 2927 1286 2993 Willelmum
1307 2927 1349 2992 da

197 3014 378 3095 Prudhow,
395 3015 453 3099 qui
472 3035 619 3099 praesens
635 3019 688 3080 est
709 3019 744 3082 et
759 3014 791 3079 ei
807 3014 1033 3096 warrantizat,
1046 3018 1082 3082 et
1106 3014 1219 3079 reddit
1234 3013 1266 3080 ei
1288 3035 1349 3100 per

196 3101 381 3182 licentiam,
392 3107 455 3168 etc.
501 3101 583 3167 Ideo
595 3101 846 3167 consideratum
858 3109 911 3166 est
925 3101 1015 3185 quod
1029 3101 1191 3186 praedicta
1202 3101 1349 3167 Isabella

196 3189 321 3255 habeat
337 3188 495 3254 saisinam
512 3210 618 3270 suam,
635 3193 670 3254 et
692 3189 872 3274 pradictus
888 3187 1055 3274 Magister
1069 3192 1198 3270 teneat,
1215 3191 1251 3254 et
1265 3211 1348 3340 pree-

196 3276 289 3342 diota
318 3275 465 3341 Isabella
490 3276 615 3341 habeat
644 3275 685 3342 de
714 3278 807 3341 terra
835 3275 990 3361 praedicti
1013 3275 1175 3340 Willelmi
1207 3275 1241 3340 in
1287 3297 1347 3342 oco

197 3363 404 3449 competenti
419 3362 463 3428 ad
479 3362 671 3429 valentiam.

261 3451 307 3515 Et
336 3449 502 3516 Ricardus
529 3450 570 3515 da
600 3448 804 3530 Orokiston'‚
830 3449 872 3516 de
897 3449 1101 3516 tenementis
1124 3469 1240 3515 versus
1270 3471 1348 3516 eum

195 3537 324 3624 petitis,
340 3536 452 3604 reddit
467 3536 498 3602 ei
516 3537 712 3622 praedictam
727 3536 841 3601 dotem
857 3557 962 3602 suam.
1008 3535 1090 3601 Ideo
1110 3535 1236 3602 habeat
1252 3536 1347 3602 seisi-

196 3646 275 3690 nam
291 3645 398 3704 suam,
411 3627 476 3691 eto.

261 3711 307 3776 Et
332 3711 513 3796 praediotus
539 3709 656 3776 Simon
682 3710 723 3776 de
747 3710 850 3775 tertia
873 3713 971 3796 parte
995 3732 1110 3778 versus
1134 3729 1213 3776 eum
1237 3709 1349 3796 petita

195 3798 291 3864 venit
314 3800 350 3863 et
364 3801 462 3864 vocat
484 3796 564 3862 inde
579 3797 624 3862 ad
637 3801 844 3867 warrantum
866 3797 1064 3898 pradictum
1079 3797 1290 3863 Willelmum
1305 3797 1347 3864 da

196 3885 376 3966 Prudhow,
404 3885 463 3970 qui
491 3905 639 3970 praesens
665 3888 718 3950 est
744 3889 779 3950 et
808 3888 897 3969 petrt
923 3884 989 3949 sibi
1011 3885 1144 3953 ostendi
1166 3906 1227 3970 per
1257 3886 1345 3970 quod

196 3974 318 4040 debeat
332 3973 363 4040 ei
378 3971 626 4037 warrantizare.

261 4061 307 4125 Et
327 4060 444 4125 Simon
464 4059 548 4125 dicit
568 4059 657 4144 quod
680 4057 816 4143 quidem
835 4059 1004 4126 Robertus
1026 4059 1068 4125 de
1087 4059 1123 4125 la
1142 4058 1344 4141 Chaumbre,

195 4152 294 4233 pater
330 4146 482 4232 predicti
512 4145 684 4227 Willelmi,
714 4146 810 4231 cujus
846 4146 944 4211 heres
978 4147 1063 4233 ipse³
1093 4151 1156 4228 est,
1186 4145 1344 4214 feoffavit

196 4234 323 4322 ipsum*
346 4234 387 4302 de
412 4230 581 4320 praedictis
604 4231 809 4299 tenementis
835 4235 871 4298 et
894 4233 1059 4321 obligavit
1082 4255 1118 4300 se
1142 4237 1178 4320 et
1203 4232 1344 4299 heredes

230 4406 238 4439 ¹
251 4407 349 4459 Robert
359 4405 392 4458 do
407 4405 433 4458 la
443 4404 572 4458 Chambra
583 4421 633 4456 was
645 4404 743 4456 aschae
826 4401 837 4435 ²
847 4403 976 4472 Probably
983 4403 1130 4458 Ostohborn
1138 4418 1200 4457 near
1211 4401 1342 4471 Morpeth.

197 4471 743 4528 toriorNorthumberlandiuthon.III.
827 4469 1008 4524 'Willolmm
1144 4470 1266 4524 ⁴Simon.
