3264 5110
382 544 496 590 rssrna
518 545 618 605 aona,
642 545 982 602 noaravunnnmnn,
1002 525 1020 588 7
1044 545 1131 590 nnn.
1155 546 1180 590 1.
1306 526 1366 590 321

212 701 336 766 contra
346 721 476 786 paoem,
482 701 547 768 etc.
551 700 647 782 ,ideo
656 701 729 786 ipse
739 700 951 767 custodietur
958 701 995 766 et
1004 697 1199 766 satisfaciat
1208 699 1367 786 praedicto

215 787 380 873 Gregorio
402 787 444 854 de
471 788 627 873 dampnis
652 788 732 869 suis,
758 809 830 872 quae
853 791 1017 854 taxantur
1040 787 1084 852 ad
1108 788 1197 854 xxs'.
1243 788 1368 856 Postea

213 875 308 940 venit
322 875 502 960 praedictus
529 875 697 942 Robertus
722 879 758 941 et
782 875 883 940 finem
909 876 993 940 fecit
1016 897 1077 960 pro
1099 877 1367 960 transgressione

214 983 275 1048 per
289 963 465 1027 dimidiam
480 964 535 1038 m',
548 985 609 1049 per
620 963 770 1049 plegium
782 962 940 1028 Nicholai
951 964 992 1029 de
1006 963 1236 1028 Swiueburne.
1270 963 1365 1027 Idem

215 1050 381 1135 magister
395 1050 565 1117 Robertus
581 1051 735 1136 queritur
759 1052 801 1116 de
827 1051 987 1136 praedicto
1009 1051 1173 1136 Gregorio
1189 1051 1278 1135 quod
1292 1051 1365 1136 ipse

214 1137 252 1201 in
267 1137 415 1203 crastino
431 1138 552 1203 Sancti
566 1137 714 1203 Oswaldi
730 1159 820 1203 anno
829 1137 933 1223 Regis
949 1159 1040 1203 nunc
1052 1144 1158 1218 sexto,
1175 1138 1264 1222 quod
1274 1138 1365 1203 idem

215 1224 401 1308 Gregorius
415 1225 528 1311 ipsum
549 1224 729 1292 insultavit
752 1225 790 1290 iu
805 1225 886 1290 villa
912 1224 954 1290 de
979 1224 1180 1306 Albervviok,
1196 1228 1232 1290 et
1254 1225 1365 1310 ipsum

213 1313 383 1397 percussit
404 1310 580 1398 incapite,
607 1313 658 1378 ita
674 1313 762 1397 quod
789 1311 929 1398 sanguis
945 1312 1060 1378 exivit.
1116 1313 1162 1376 Et
1186 1312 1250 1378 hoc
1275 1313 1365 1398 petit

214 1398 280 1466 sibi
295 1399 477 1466 emendari.
510 1400 557 1465 Et
568 1398 753 1486 Gregorius
765 1401 859 1467 venit
869 1403 904 1465 et
919 1400 1077 1465 defendit
1087 1402 1200 1466 totum
1215 1403 1251 1466 et
1265 1399 1365 1485 ponit

213 1508 249 1551 se
264 1507 366 1573 super
380 1488 528 1573 patriam
544 1488 585 1553 de
600 1488 689 1552 bono
714 1493 750 1553 et
773 1487 872 1553 malo.
919 1488 966 1552 lit
985 1487 1034 1572 xij
1057 1488 1227 1573 juratores
1243 1487 1363 1552 dicunt

214 1574 304 1657 quod
319 1574 500 1659 praedictus
515 1574 699 1661 Gregorius
710 1575 887 1661 culpabilis
900 1579 963 1654 est,
976 1574 1052 1640 ideo
1066 1575 1139 1659 ipse
1154 1575 1364 1640 custodietur

213 1665 248 1728 et
262 1662 456 1728 satisfaciat
470 1661 631 1747 predicto
647 1662 810 1748 magistro
826 1663 868 1728 de
883 1661 1039 1747 dampnis
1055 1663 1135 1743 suis,
1152 1683 1226 1746 quae
1241 1665 1363 1727 taxan-

212 1751 271 1814 tur
286 1749 330 1814 ad
345 1749 520 1815 dimidiam
535 1751 590 1815 ιη’.
635 1749 760 1815 Postea
774 1750 994 1836 pardonatur.

277 1929 399 2010 Alicio,
425 1951 497 2014 quas
520 1929 590 1995 fuit
615 1950 700 1995 uxor
715 1929 862 1994 Walteri
887 1929 990 1994 Liolf'
1007 1929 1049 1995 de
1063 1928 1284 2013 Yehington’,
1301 1951 1361 2014 ap·

211 2017 317 2102 pellat
332 2017 369 2081 in
384 2018 550 2084 comitatu
575 2017 759 2102 Hugonem
786 2017 897 2083 Galun
924 2021 960 2083 et
979 2017 1101 2097 Adam,
1117 2017 1261 2083 fratrem
1276 2017 1363 2102 ejus,

214 2105 256 2168 de
282 2108 391 2172 morte
418 2104 572 2186 Walteri,
588 2104 653 2169 viri
677 2105 741 2170 sui.
786 2105 833 2169 Et
848 2104 960 2168 Alicia
985 2125 1055 2168 non
1078 2105 1183 2184 venit,
1200 2103 1275 2168 ideo
1291 2105 1365 2192 ipsa

214 2193 381 2343 immi
397 2192 562 2344 tritt
578 2191 700 2344 liii?
716 2191 1365 2345 ttttttttttt’fallitis

214 2299 607 2456 udddgeiaessavingtcn’.
653 2302 884 2451 utpflugo'ec
899 2365 1010 2430 Adam
1036 2365 1135 2430 modo
1162 2301 1305 2432 veniunt
1328 2370 1362 2432 et

214 2454 371 2538 requisiti
394 2453 540 2538 qualiter
565 2475 601 2519 se
624 2453 806 2519 voluerunt
831 2453 912 2518 inde
935 2453 1140 2537 acquietare,
1171 2458 1305 2538 ponunt
1328 2474 1363 2518 se

214 2561 315 2626 super
329 2542 477 2626 patriam
494 2541 640 2607 debono
656 2540 805 2607 etma10.
862 2541 909 2605 Et
931 2540 1101 2626 juratores
1129 2540 1248 2605 dicunt
1263 2560 1365 2625 super
1484 2620 1486 2624 ι

215 2632 463 2780 sacramentum
479 2650 578 2694 suum
593 2629 683 2714 quod
709 2649 779 2693 non
804 2631 886 2693 sunt
902 2627 1096 2713 culpabiles,
1113 2627 1189 2694 ideo
1204 2628 1270 2713 ipsi
1285 2627 1364 2692 inde

215 2735 292 2801 qma
310 2739 332 2782 1.

279 2887 411 2954 Eliseus
437 2887 528 2953 filius
552 2887 656 2952 Alani
681 2887 723 2953 de
753 2886 973 2952 Duddelsdeu
1003 2887 1127 2953 cecidit
1153 2887 1194 2953 de
1218 2886 1364 2971 quodam

213 2996 298 3075 equo
313 2996 374 3062 per
388 2974 627 3077 infortunium,
643 2976 693 3076 ita
709 2974 797 3076 quod
812 2975 916 3078 tertio
932 2975 989 3076 die
1002 2975 1082 3040 inde
1097 2975 1200 3077 obiit..
1240 2974 1361 3075 Nullus

211 3062 1060 3236 tlliffllitililllaliltildaffnfmfflm'
1107 3063 1263 3129 aaa
1286 3082 1364 3146 “¹¹¹¹

277 3319 330 3387 De
353 3321 471 3389 eodem
485 3321 682 3389 vicecomite
707 3323 749 3388 de
770 3321 902 3388 catallis
930 3320 1109 3407 cujusdam
1134 3320 1277 3386 Jordani
1302 3321 1364 3386 filii

213 3409 363 3490 Austin’,
390 3409 553 3490 extranei,
578 3409 729 3496 fugitivi,
745 3410 822 3494 xlvij
836 3410 862 3473 ι’
877 3409 906 3494 vj
920 3409 964 3475 d'.
1009 3410 1056 3474 Et
1081 3407 1158 3492 quia
1182 3408 1363 3492 praedictus

212 3495 383 3562 Jordanus
414 3497 663 3578 malecreditur‚
691 3497 768 3562 ideo
792 3496 950 3582 exigatur
976 3498 1011 3562 et
1036 3496 1220 3581 utlagetur.
1265 3495 1361 3561 Idem

211 3583 333 3648 habuit
344 3588 472 3650 terram
486 3583 637 3665 liberam,
651 3585 739 3649 unde
755 3605 865 3648 annus
881 3586 917 3648 et
931 3586 1067 3648 vastum
1082 3583 1149 3668 xxij
1160 3584 1199 3664 s',
1213 3583 1362 3648 medium

212 3673 347 3756 tempus
373 3693 421 3757 ιιι]
435 3672 473 3752 ι’,
501 3671 591 3737 unde
618 3671 800 3739 vicecomes
830 3667 1044 3757 respondeat.
1105 3671 1151 3735 Et
1177 3669 1295 3735 villata
1321 3671 1363 3737 de

212 3758 469 3846 hamelington
484 3780 554 3825 non
569 3759 665 3824 venit
680 3780 793 3825 coram
808 3757 1022 3844 justiciariis,
1038 3756 1115 3824 ideo
1129 3757 1165 3821 in
1182 3758 1269 3824 mis'.

276 3947 449 4014 Gristiaua
465 3948 505 4014 de
520 3948 629 4015 Oones
657 3952 758 4034 capta
781 3968 843 4033 pro
865 3946 1056 4032 suspicione
1071 3945 1241 4012 latrocinii
1258 3950 1293 4011 et
1308 3946 1362 4010 in·

211 4035 388 4120 prisonata
403 4035 438 4100 in
454 4035 535 4101 villa
549 4035 591 4102 de
607 4035 764 4102 Hirbotel
779 4037 814 4099 et
829 4035 870 4099 de
885 4035 1002 4100 eadem
1017 4033 1135 4098 villata
1150 4034 1269 4113 evasit,
1286 4034 1361 4100 ideo

212 4123 432 4208 adjudicium
447 4123 489 4190 de
505 4123 661 4189 evasione
678 4143 778 4207 super
791 4121 987 4207 praedictam
999 4120 1163 4186 villatam.
1208 4121 1254 4184 Et
1269 4120 1363 4206 fugit

212 4210 257 4274 ad
283 4209 458 4276 ecclesiam
480 4210 522 4278 <le
536 4210 717 4276 Alventon1
741 4213 776 4276 et
794 4209 954 4292 cognovit
978 4229 1014 4273 se
1041 4229 1114 4272 esse
1137 4207 1306 4273 latronem
1329 4211 1365 4275 et

212 4297 385 4384 abjuravit
400 4319 541 4384 regnum
559 4318 672 4364 coram
688 4300 895 4362 coronatore.
941 4295 1074 4360 Gatalla
1089 4295 1193 4360 nulla.
1239 4295 1364 4360 Postea

210 4387 379 4455 testatum
403 4388 455 4453 est
476 4384 566 4470 quod
589 4384 752 4472 praedicta
767 4383 917 4449 Cristiua
932 4387 1033 4468 capta
1050 4383 1120 4447 fuit
1134 4403 1195 4469 per
1209 4382 1363 4448 villatam

558 4556 566 4588 ¹
583 4556 718 4614 ulainai
729 4555 758 4608 iu
771 4554 926 4625 Coquetdale
937 4553 1024 4608 wira

1212 4640 1232 4686 Υ
