3230 5084
260 490 324 562 342
432 507 546 560 hssrts
567 508 664 578 nont,
688 478 1074 578 sensumsensurn?
1098 517 1186 564 nnv.
1211 519 1236 564 1.
1372 524 1374 528 ⁴

264 671 367 752 ditur,
383 671 460 738 ideo
483 669 640 756 exigatur
655 674 690 735 et
705 670 891 756 utlagetur.
937 670 1071 736 Catella
1084 670 1238 757 praedicti
1251 667 1412 758 Hugonis
1446 693 1451 702 ·

262 759 382 844 xxxviij
392 759 417 821 ε’
433 780 454 823 v
468 759 512 838 d',
528 758 617 825 unde
639 758 822 826 vicecomes
851 759 1062 843 respondeat.
1108 761 1234 826 Postea
1248 761 1414 824 testatum

263 849 315 913 est
336 845 425 931 quod
439 845 620 930 pradictus
646 847 750 931 Hugo
771 845 866 930 fugit
884 867 990 930 usque
1005 846 1219 914 Estelesham
1234 850 1270 912 et
1289 846 1338 911 ibi
1359 865 1411 910 re-

263 936 419 1018 ceptatus
454 937 507 998 cst
533 932 570 996 in
603 930 774 1013 libertate,
802 933 880 998 ideo
902 937 1114 1019 praeceptum
1140 937 1193 1000 est
1222 931 1413 1000 vicecomiti

263 1021 352 1106 quod
372 1020 487 1085 venire
501 1019 618 1086 iaciat.

327 1107 424 1174 Idem
443 1107 547 1192 Hugo
567 1107 687 1172 habuit
702 1110 827 1172 terram
842 1106 982 1173 liberam
997 1107 1087 1174 unde
1105 1130 1215 1174 annus
1231 1111 1267 1174 et
1280 1111 1414 1173 vastum

263 1195 389 1346 lxx
404 1194 1416 1366 rececrxamravveracrarar

264 1390 430 1436 annorum
451 1390 525 1453 quae
544 1367 659 1434 valent
701 1389 737 1434 er
751 1372 864 1435 totum
879 1369 1062 1434 terminum
1077 1369 1138 1450 lc),
1149 1371 1238 1437 unde
1253 1370 1358 1456 Hugo
1373 1369 1414 1434 de

264 1455 470 1542 Qvelpeton’
486 1391 699 1541 respondeai}
716 1460 751 1522 et
772 1457 863 1521 unde
879 1455 987 1523 solvet
1001 1457 1219 1524 medietatem
1231 1457 1274 1522 ad
1286 1457 1414 1523 festum

264 1543 382 1608 Sancti
396 1543 585 1624 Michaelis,
601 1543 666 1609 hoc
678 1564 779 1625 anno,
790 1549 826 1608 et
838 1543 981 1610 alteram
992 1543 1211 1611 medietatem
1227 1545 1272 1610 ad
1285 1545 1414 1611 festum

264 1630 380 1696 Sancti
395 1628 585 1711 Michaelis,
600 1634 752 1716 proximo
767 1651 921 1716 sequens.

327 1776 378 1840 De
393 1776 511 1841 eodem
525 1776 722 1842 vicecomite
747 1777 788 1842 de
815 1777 946 1843 catallis
973 1776 1088 1843 Eleusa
1114 1776 1155 1842 de
1175 1777 1286 1843 Parva
1311 1777 1415 1842 Herle

261 1863 326 2016 Εἴ
354 1863 430 1964 ild’.
443 1864 503 1928 ob'.
527 1862 753 2015 t‘Deaeeodem
782 1863 980 1930 vicecomite
1010 1865 1051 1930 de
1078 1864 1211 1931 catallis
1236 1865 1414 1951 cujusdam

312 1970 406 2017 roms
420 1971 527 2036 mgno
544 1972 593 2014 1v
637 1999 645 2016 .

328 2105 439 2170 Adam
454 2105 495 2170 de
510 2102 545 2170 la
558 2103 660 2170 Halle
682 2104 724 2170 de
746 2104 948 2172 Kirkeherle
972 2104 1143 2170 subtraxit
1157 2125 1192 2172 se
1208 2109 1244 2172 et
1258 2104 1418 2172 malecre-

264 2193 358 2258 ditur
386 2192 439 2294 de·
456 2191 609 2295 pluribus
639 2191 840 2294 latrociniis,
871 2192 947 2258 ideo
976 2192 1136 2344 exigatur
1165 2197 1201 2259 et
1230 2193 1416 2279 utlagatur.

263 2278 397 2346 Catella
411 2299 483 2364 eJus
498 2279 586 2365 11J8',
602 2280 691 2346 unde
706 2300 890 2346 vicecomes
905 2299 1027 2364 respon
1052 2282 1118 2345 eat.

328 2433 495 2499 Ricardus
523 2433 612 2499 filins
650 2434 796 2500 Simonis
833 2434 874 2501 de
906 2430 1019 2519 Iug'ou
1048 2434 1174 2500 occidit
1205 2435 1418 2520 Stephanum

263 2522 372 2586 filium
386 2521 533 2610 Walteri
549 2521 590 2588 de
612 2520 839 2587 Kermeslavve
865 2525 901 2586 et
925 2521 1044 2587 statim
1062 2521 1157 2608 fugit
1172 2525 1207 2586 et
1222 2521 1418 2588 malecredi:

263 2617 331 2690 tur,
346 2609 423 2673 ideo
438 2609 595 2693 exigatur
609 2615 644 2673 et
658 2608 844 2693 utlagatur.
890 2608 1024 2674 Catella
1038 2610 1111 2693 ejus
1127 2610 1226 2674 xxvs'
1243 2610 1318 2690 xci',
1328 2610 1419 2676 unde

263 2697 446 2762 vicecomes
461 2695 674 2780 respondeat.
712 2697 759 2761 Et
773 2696 897 2761 villata
912 2696 954 2762 de
966 2696 1075 2761 Parva
1091 2695 1206 2776 Herle‚
1224 2696 1416 2778 Kirkeherl,

263 2783 369 2863 Rihil,
394 2783 516 2869 Ingou,
533 2786 570 2847 et
592 2782 746 2868 Mangna
770 2783 992 2870 Whitington
1017 2804 1087 2850 non
1110 2783 1266 2850 iecerunt
1291 2788 1419 2850 sectam

264 2875 343 2956 post
357 2871 479 2955 ipsum,
495 2870 572 2936 ideo
586 2870 621 2934 in
637 2869 724 2937 mis'.

328 3042 440 3107 Adam
467 3040 558 3107 filius
582 3039 728 3107 Waltevi
757 3040 799 3105 de
826 3042 978 3126 Mangna
1005 3040 1227 3126 Whitington
1251 3041 1418 3126 percussit

265 3129 448 3214 Hugonem
463 3129 505 3194 de
520 3129 637 3194 eadem
653 3126 799 3212 quodam
814 3127 952 3194 cultello
964 3129 1001 3193 in
1017 3132 1134 3194 ventre
1150 3130 1201 3194 ita
1214 3130 1304 3213 quod
1320 3129 1417 3194 obiit.

265 3217 310 3281 Et
340 3218 450 3282 Adam
482 3216 608 3281 statim·
623 3215 717 3300 fugit
747 3219 782 3280 et
811 3214 1060 3295 malecreditur,
1091 3215 1168 3280 ideo
1197 3217 1354 3300 exigatur
1383 3219 1419 3280 et

265 3304 450 3389 utlagatur.
473 3302 606 3368 Catella
615 3303 686 3387 ejus
702 3323 763 3367 xxx
774 3302 800 3366 ε’
816 3302 892 3383 xd',
905 3304 995 3370 unde
1009 3303 1193 3368 vicecomes
1202 3303 1416 3388 respondeat.

330 3457 500 3524 Robertus
515 3457 556 3522 de
571 3456 819 3523 Glawervvorth'
836 3457 1004 3522 subtraxit
1019 3479 1054 3525 se
1070 3460 1106 3522 et
1120 3456 1360 3524 malecreditur
1375 3456 1418 3522 de

266 3543 420 3632 pluribus
434 3543 634 3625 latrociniis,
650 3543 726 3610 ideo
742 3543 901 3630 exigatur
916 3549 951 3610 et
967 3545 1151 3630 utlagetur.
1196 3544 1330 3610 (letalia
1344 3546 1417 3629 ejus

266 3631 345 3717 xviij
359 3633 397 3712 ε’,
412 3631 502 3698 unde
515 3632 699 3699 vicecomes
714 3632 928 3717 respondeat.

332 3788 501 3854 Robertus
530 3786 717 3873 Multergxe
741 3785 865 3852 occidit
888 3787 1080 3853 Johannem
1107 3785 1360 3872 Galbomayden
1383 3789 1419 3853 et

268 3875 520 4029 Etppffiailuffi·
536 3877 571 3942 ct
599 3875 846 3956 malecreditur,
876 3874 953 3942 ideo
982 3873 1140 3961 exigatur
1169 3878 1204 3942 et
1233 3873 1418 3959 utlagetnr.

334 4101 502 4166 Robertus
539 4099 629 4164 fflius
665 4099 848 4164 Alexandri
878 4099 1061 4186 Weyhund
1099 4099 1269 4164 subtraxit
1298 4119 1334 4163 se
1356 4120 1420 4182 pro

268 4188 441 4275 burglaria
455 4187 573 4252 domus
588 4187 671 4252 Eliae
686 4187 727 4252 de
743 4186 871 4252 Biwell’
888 4189 923 4251 et
950 4186 1198 4267 malecreditur,
1214 4187 1290 4251 ideo
1306 4185 1420 4271 exiga-

270 4281 328 4342 tur
342 4280 376 4342 et
391 4275 575 4359 utlagetur.
622 4273 755 4340 Catella
770 4276 842 4359 ejus
858 4273 928 4359 xiiij
940 4274 983 4340 d’.
1281 4313 1284 4320 .

334 4430 457 4497 Petrus
472 4429 545 4495 Tod
559 4428 601 4494 de
624 4428 738 4495 Bovill'
754 4428 879 4496 cecidit
900 4428 942 4494 de
964 4427 1110 4530 quodam
1135 4447 1222 4512 equo
1246 4427 1284 4491 in
1298 4448 1422 4530 aquam

271 4519 313 4584 de
345 4517 429 4582 ilina
465 4520 502 4582 et
535 4515 727 4584 submersit.
786 4515 910 4581 Nullus
940 4514 1027 4581 ahus
1062 4515 1142 4582 rnde
1174 4512 1423 4582 malecredrtnr.
