3278 5104
276 497 339 562 108
424 519 540 566 rssrzn
563 521 662 582 nona,
684 521 1023 583 roarnurrnnnmrn,
1046 503 1089 568 40
1111 523 1193 568 nur.
1217 523 1272 569 111.

273 672 405 755 bacu10,
421 675 458 739 in
473 676 596 760 capite,
612 675 649 739 in
665 697 783 761 campo
798 675 840 741 de
862 676 1052 762 Langeton‚
1069 676 1120 741 ita
1143 677 1232 762 quod
1246 675 1349 742 tertio
1365 676 1421 741 die

273 763 394 843 postea
408 762 503 828 obiit.
549 763 595 827 Et
610 764 778 831 Robertus
794 764 911 829 statim
927 764 1021 850 fugit
1035 768 1071 829 et
1087 765 1334 845 malecreditur,
1344 763 1421 828 ideo

273 846 430 933 exigatur
444 855 480 916 ct
495 849 678 935 utlagetnr.
724 850 857 916 Catulla
871 851 946 918 e'us
957 851 1002 937 vij
1014 851 1040 914 ε’
1052 853 1065 936 j
1077 853 1122 932 d',
1134 851 1223 918 unde
1238 851 1422 918 vicecomes

273 937 485 1089 reppplndeplt.
519 937 577 1038 ⁸Et
600 937 645 1055 rip
668 938 838 1024 juratores
853 875 943 1004 friso
965 939 1246 1024 appreciaverunt
1260 939 1423 1024 praedicta

274 1042 315 1086 ca
378 1044 409 1104 a,
425 1046 437 1088 1
462 1045 501 1091 eo
516 1046 552 1088 m
568 1047 655 1090 mrs.

339 1159 486 1239 Quidam
499 1160 522 1225 J
523 1161 674 1228 ohannes
683 1161 894 1228 Pictavensis
910 1162 1035 1228 occidit
1044 1162 1165 1248 Elyam
1177 1163 1219 1228 de
1230 1163 1420 1249 Langeton,

272 1249 308 1310 et
323 1254 443 1332 captus
457 1248 527 1314 fuit
542 1251 578 1313 et
593 1270 775 1335 suspensus
790 1270 851 1335 per
864 1250 1032 1336 judicium
1049 1249 1254 1316 Comitatus.
1286 1249 1420 1317 Catulla

272 1334 347 1418 ejus
363 1335 388 1421 ij
399 1336 425 1398 a'
440 1334 492 1422 iiij
503 1336 548 1417 d’,
563 1337 653 1401 unde
668 1336 787 1402 villata
801 1337 843 1403 de
857 1337 1038 1423 Langeton
1051 1338 1265 1424 respondeat.

336 1472 468 1554 Emma,
485 1495 568 1539 uror
584 1473 731 1540 Simonis
753 1475 842 1560 Rup'
864 1476 905 1539 de
921 1475 1134 1560 Brumpton',
1157 1475 1312 1560 queritur
1327 1475 1419 1560 quod

272 1579 348 1623 oum
363 1561 437 1645 ipsa
451 1560 520 1628 fuit
535 1561 572 1624 in
585 1582 667 1646 pace
679 1561 809 1626 domini
820 1562 925 1648 Regis
935 1561 971 1626 in
985 1563 1085 1628 domo
1095 1583 1157 1627 sua
1171 1563 1212 1628 de
1224 1562 1419 1650 Bykerton',
1459 1575 1461 1578 ’

272 1645 327 1711 die
355 1647 484 1728 Sabati,
510 1648 649 1730 scilicet,
676 1649 712 1712 in
737 1648 855 1736 vigilia
877 1649 1081 1715 Natiuitatis
1106 1649 1223 1716 Sancti
1248 1649 1418 1715 Johnnnis

272 1733 436 1818 Baptista
459 1756 550 1800 anno
575 1736 703 1816 xxxix,¹
731 1737 878 1802 Thomas
904 1736 945 1803 de
966 1737 1141 1804 Biherton'
1166 1737 1256 1822 cepit
1282 1758 1367 1818 eam,
1383 1741 1418 1804 et
1546 1817 1547 1820 Ἴ
1634 1807 1637 1826 ¹

272 1820 414 1886 abduxit
429 1843 503 1887 eam
526 1823 569 1888 ad
584 1824 721 1888 domum
736 1845 833 1889 suam
848 1824 885 1887 in
900 1825 1095 1910 Bykerton’,
1111 1829 1147 1890 et
1162 1845 1237 1889 eam
1251 1825 1366 1910 posuit
1381 1825 1418 1888 in

270 1929 389 1994 cypp0,
405 1913 441 1974 et
458 1909 492 1973 in
508 1931 616 1996 cyppo
638 1911 751 1977 tenuit
773 1933 792 1975 a
809 1912 864 1977 die
886 1911 945 1976 illo
967 1912 1131 1996 usquead
1153 1911 1243 1978 diem
1257 1911 1419 1978 Mercurii

271 2001 479 2080 sequentem,
495 1998 568 2062 sine
584 1998 659 2062 cibo
681 2002 717 2063 et
732 2002 826 2083 potu.
872 1999 919 2062 Et
941 1999 1059 2065 eodem
1082 1999 1136 2065 die
1157 1999 1254 2064 misit
1277 2020 1352 2064 eam
1374 1999 1418 2064 ad

272 2084 429 2170 gayolam
444 2085 535 2170 apud
557 2086 692 2150 Novum
707 2086 877 2166 Castrum,
894 2086 931 2149 in
954 2107 1020 2170 qua
1042 2085 1165 2171 gayola
1187 2086 1326 2151 detenta
1347 2085 1418 2151 fuit

270 2192 375 2255 usque
391 2193 493 2237 nuno.
538 2173 584 2236 Et
598 2172 635 2236 in
652 2194 728 2256 qua,
741 2172 891 2253 Oicilius,
905 2172 994 2239 filius
1010 2172 1164 2259 ejusdem
1179 2174 1316 2254 Emmoe,
1332 2195 1417 2259 puer

271 2257 414 2340 lactans,
428 2258 525 2324 obiit.
571 2259 617 2324 Et
632 2259 789 2327 similiter
803 2259 956 2345 quaedam
979 2261 1152 2326 Oristiana
1173 2261 1215 2325 de
1232 2262 1415 2347 Byherton,

269 2345 374 2411 missa
388 2367 465 2411 cum
480 2367 519 2411 ea
533 2367 594 2432 per
608 2347 754 2412 eundem
768 2347 933 2413 Thomam
954 2348 999 2412 ad
1020 2347 1217 2432 pmdioum
1231 2348 1415 2432 prisonam‚

268 2432 406 2498 obiitin
422 2434 549 2516 eadem,
566 2438 629 2500 eto.

335 2522 462 2586 Editha
476 2522 519 2586 de
533 2522 706 2607 Byherton
723 2522 875 2605 queritur
889 2521 931 2586 de
954 2522 1072 2590 eodem
1086 2522 1217 2588 Thomu
1232 2522 1322 2606 quod
1343 2522 1416 2608 ipse

269 2607 924 2782 iiiiiiii'ssi'ssaffifflffliii
937 2612 1024 2762 ‘tt
1042 2609 1416 2762 Nttttttmttt

268 2783 451 2864 cristiana,
462 2784 506 2848 ad
521 2744 664 2849 eanddm
677 2782 849 2869 prisonem
860 2783 955 2848 misit
970 2720 1167 2868 similique
1182 2782 1291 2868 culpa,
1302 2783 1340 2848 in
1349 2805 1416 2869 qua

268 2872 406 2957 prisona
421 2872 560 2937 detenta
574 2869 644 2935 fuit
660 2891 766 2955 usque
777 2891 877 2951 nuno,
891 2875 956 2936 etc.
1000 2872 1047 2936 Et
1056 2872 1147 2937 unde
1160 2870 1244 2936 dicit
1253 2871 1343 2956 quod
1354 2892 1415 2956 per

268 2959 332 3024 hoc
355 2959 445 3042 quod
466 2959 557 3043 oepit
572 2978 628 3022 eas
648 2961 683 3022 et
704 2957 908 3042 inprisonari
930 2958 1025 3041 fecit,
1041 2958 1254 3049 deteriorata
1276 2961 1357 3024 sunt
1380 2962 1416 3024 et

268 3047 454 3131 dampnum
468 3046 596 3111 habent
612 3045 655 3110 ad
669 3044 853 3110 valentiam
868 3045 930 3112 ca’.

332 3135 378 3198 Idt
400 3133 546 3198 Thomas
568 3132 663 3199 venit
688 3139 723 3197 et
746 3132 901 3197 defendit
923 3133 991 3197 vim
1013 3136 1050 3198 et
1071 3132 1245 3219 injuriam,
1272 3135 1307 3197 ct
1329 3134 1415 3200 bene

267 3221 443 3307 cognoscit
458 3220 548 3305 quod
562 3220 652 3305 oepit
667 3241 723 3286 eas
739 3224 774 3285 et
788 3220 995 3306 inprisonari
1015 3221 1111 3302 fecit,
1127 3219 1208 3305 quia
1223 3218 1308 3285 dicit
1324 3221 1413 3306 quod

267 3309 419 3394 quadam
445 3309 575 3388 Emma,
600 3311 636 3372 et
657 3306 794 3388 Editha,
819 3311 854 3371 et
878 3307 1050 3373 cristiana
1072 3329 1146 3392 quae
1172 3307 1268 3389 obiit,
1290 3308 1414 3374 furata

266 3398 408 3462 fuerunt
423 3395 460 3459 in
474 3395 574 3460 domo
589 3415 651 3459 sua
666 3417 773 3459 unum
787 3394 971 3460 bussellum
986 3395 1109 3460 brasei.

331 3485 378 3548 Et
391 3483 558 3568 praedictae
572 3483 694 3546 Emma
711 3485 747 3546 et
768 3482 895 3546 Editha
918 3483 1002 3550 bene
1023 3481 1214 3547 defendunt
1233 3481 1322 3566 quod
1344 3503 1414 3547 non

265 3571 389 3636 furatae
400 3571 540 3636 fuerunt
549 3570 747 3655 praedictum
762 3570 927 3635 braseum.
953 3571 998 3633 Et
1014 3570 1055 3635 de
1070 3570 1135 3634 hoc
1148 3568 1247 3654 ponit
1262 3591 1298 3634 se
1314 3591 1415 3654 super

265 3659 433 3744 juratores
448 3657 568 3745 patriae
582 3658 625 3722 de
639 3657 727 3721 bono
743 3661 777 3723 et
791 3656 892 3722 malo,
936 3658 983 3722 Et
994 3659 1163 3743 juratores
1179 3656 1298 3722 dicunt
1313 3677 1414 3743 super

266 3752 515 3811 sacramentum
530 3766 629 3809 suum
644 3744 733 3829 quod
754 3743 923 3829 predictae
937 3745 1059 3808 Emma
1074 3747 1109 3808 et
1123 3744 1252 3808 Editha
1266 3745 1304 3808 in
1318 3744 1412 3809 nullo

264 3837 347 3900 sunt
369 3832 552 3919 culpabiles
575 3833 616 3896 de
641 3832 735 3896 facto
760 3830 829 3897 illo.
875 3832 958 3897 Ideo
981 3831 1063 3916 ipsae
1086 3831 1165 3896 inde
1191 3831 1322 3915 quieta.
1367 3833 1414 3896 Et

264 3922 411 3987 Thomas
427 3919 638 3986 custodiatur
651 3940 713 4004 pro
734 3919 1014 4005 transgressione.
1059 3917 1189 3984 Dicunt
1204 3919 1308 3984 etiam
1322 3917 1414 4003 quod

265 4009 497 4074 malecredunt
511 4006 707 4092 praedictam
722 4005 941 4088 Oristianam,
956 4027 1031 4091 quae
1052 4005 1139 4071 obiit
1153 4006 1190 4070 in
1203 4006 1352 4092 prisona,
1369 4007 1412 4071 de

264 4098 358 4162 iacto
373 4095 441 4162 illc.
486 4094 591 4158 Nulla
604 4093 726 4158 habuit
741 4093 875 4159 catalla.

329 4184 453 4249 Postea
467 4181 561 4247 venit
575 4181 756 4267 praedictus
772 4180 918 4245 Thomas
934 4180 976 4246 de
993 4179 1228 4266 Byherington
1251 4182 1287 4244 et
1309 4180 1412 4243 finem

264 4273 348 4339 fecit
371 4290 432 4358 pro
455 4269 490 4334 ln
499 4269 542 4333 m’
567 4288 627 4354 per
648 4268 799 4354 plegium
822 4267 1001 4334 Eustachii
1027 4268 1067 4332 de
1097 4267 1131 4331 la
1155 4267 1244 4348 war,
1269 4267 1412 4333 Roberti

297 4471 306 4504 ¹
324 4470 407 4522 There
424 4469 495 4520 mmt
511 4469 543 4520 be
562 4483 631 4520 some
649 4466 757 4519 mistalra
782 4466 810 4518 in
861 4467 935 4519 ofSt.
948 4465 1021 4518 John
1032 4465 1079 4518 the
1091 4465 1250 4532 Baptistuas
1261 4480 1295 4517 on
1306 4481 1322 4518 a
1333 4463 1414 4518 wer-

261 4539 333 4593 thsso
344 4538 428 4600 datam
439 4535 484 4588 the
495 4534 568 4602 vigil
580 4535 607 4588 of
623 4534 669 4588 the
685 4532 811 4600 Nativity
861 4534 956 4600 nerday
968 4534 996 4585 in
1008 4537 1083 4586 1255.

1631 4535 1637 4637 r
