3272 5092
400 543 513 589 sssrzn
536 542 635 604 nonu,
658 541 998 603 scarnensnnnsun,
1024 521 1043 588 7
1065 542 1153 590 now.
1177 544 1201 607 ι.
1313 523 1376 590 269

224 697 308 764 Ideo
337 699 540 783 preceptum
571 699 624 763 est
653 696 844 764 vicecomiti
880 699 969 784 qnod
999 693 1185 783 distringat
1209 718 1286 763 enm
1317 719 1378 785 per

225 806 342 851 omnes
372 788 491 865 terras,
516 787 581 850 eto.
640 785 687 849 nt
711 785 801 870 quod
831 785 873 850 de
903 785 1062 866 exitibus,
1093 788 1156 850 etc.
1211 785 1257 850 Et
1287 787 1376 870 quod

225 872 350 937 habeat
380 893 500 956 corpus
527 873 599 956 ejus
632 872 722 957 apud
745 871 900 958 Appelby
924 871 961 935 in
992 872 1159 938 comitatu
1188 873 1374 938 Westmer-

224 959 347 1024 landiae
363 981 384 1024 a
398 959 452 1023 die
468 958 607 1024 Paschae
622 959 658 1022 in
674 981 779 1024 unum
796 981 959 1040 mensem,
974 963 1039 1026 etc.
1085 959 1180 1025 Idem
1197 960 1280 1040 dies,
1297 967 1361 1026 etc.

291 1133 437 1197 Thomas
463 1130 495 1195 le
521 1131 625 1196 Esoot
654 1131 744 1216 petit
770 1152 886 1196 versus
909 1131 1135 1197 Eustachium
1162 1131 1203 1196 de
1230 1133 1376 1198 Jerdhill

226 1241 332 1285 unum
356 1219 567 1302 mesuagium
583 1222 618 1282 et
633 1218 812 1284 duodecim
835 1240 930 1284 acras
953 1221 1052 1286 terrm
1067 1241 1144 1284 oum
1159 1218 1375 1304 pertinentiis
1458 1253 1460 1259 v

224 1309 262 1370 in
278 1306 434 1386 Jerdhin,
451 1309 486 1371 et
501 1327 617 1371 versus
643 1305 792 1370 Alanum
815 1305 922 1369 fflium
947 1305 1108 1390 Hugonis
1129 1305 1161 1370 le
1184 1306 1375 1394 Traunoeys

225 1416 332 1459 unum
347 1393 557 1478 mesuagium
574 1400 610 1457 et
625 1392 801 1458 duodecim
816 1414 912 1458 acras
936 1397 1035 1457 terrae
1059 1415 1135 1459 cum
1158 1393 1376 1477 pertinentiis

225 1482 261 1546 in
276 1482 393 1548 eadem
408 1480 500 1560 villa,
517 1484 556 1544 ut
574 1483 630 1565 jus
654 1501 763 1560 suum,
779 1484 816 1545 et
836 1481 874 1544 in
896 1501 970 1566 quse
985 1479 1087 1545 iidem
1111 1480 1318 1546 Eustachius
1341 1486 1376 1547 et
1448 1485 1453 1494 '

225 1568 356 1633 Alanus
372 1588 441 1632 non
455 1567 584 1634 habent
609 1567 801 1652 ingressum
825 1567 892 1632 nisi
912 1571 991 1653 post
1015 1567 1257 1646 dimissionem,
1273 1589 1374 1652 quam

225 1657 371 1720 Thomas
387 1655 418 1719 le
434 1655 537 1719 Escot
559 1654 601 1719 de
616 1654 786 1732 Warton',
809 1659 907 1739 pater
930 1653 1084 1739 praedicti
1110 1653 1258 1733 Thomae,
1276 1657 1374 1741 cujus

223 1743 321 1809 heres
337 1743 410 1827 ipse
425 1745 488 1821 est,
504 1741 584 1806 inde
599 1741 684 1806 iecit
698 1741 842 1808 Andreas
865 1741 895 1806 le
911 1740 1012 1806 Olerk
1027 1745 1063 1805 et
1078 1741 1212 1826 Rogero
1227 1741 1257 1808 le
1274 1741 1375 1808 Clerk

224 1832 266 1895 de
281 1830 444 1909 Chatton,
460 1829 505 1893 ad
518 1827 703 1893 terminum
719 1828 778 1912 qui
800 1827 976 1913 praeteriit,
993 1833 1029 1894 et
1052 1849 1125 1911 quae
1150 1831 1229 1914 post
1254 1830 1372 1894 termi-

223 1939 306 1983 num
321 1917 418 1981 illum
433 1917 477 1980 ad
491 1915 670 2000 praefatum
687 1916 850 1980 Thomam
866 1915 990 1981 reverti
1006 1915 1140 1995 debent,
1156 1920 1220 1981 etc.

288 2006 334 2070 Et
364 2003 568 2068 Eustachius
591 2007 627 2067 et
654 2002 786 2068 Alanus
812 2004 953 2068 veniunt
977 2005 1012 2069 et
1039 2002 1157 2067 dicunt
1187 2004 1275 2086 quod
1305 2026 1373 2069 non

224 2092 350 2157 debent
364 2091 408 2156 ad
423 2091 487 2156 hoc
502 2090 601 2155 breve
616 2090 818 2175 respondere
833 2091 914 2174 quia
929 2089 1049 2155 dicunt
1065 2090 1153 2173 quod
1173 2090 1239 2174 ipsi
1254 2095 1375 2158 tenent

223 2179 384 2265 praedicta
400 2180 597 2242 tenemento
612 2177 653 2241 de
667 2176 802 2243 Abbate
812 2178 853 2243 de
865 2177 1021 2242 Ainewik
1035 2175 1077 2240 de
1088 2197 1178 2241 anno
1193 2177 1227 2240 in
1245 2199 1374 2242 annum

223 2269 267 2332 ad
283 2267 494 2331 voluntatem
509 2264 616 2348 ipsius
630 2263 785 2344 Abbatis,
802 2264 890 2330 unde
906 2264 1027 2329 dicunt
1041 2265 1131 2348 quod
1146 2285 1215 2327 non
1230 2270 1374 2349 possunt

223 2376 295 2419 rem
310 2353 414 2418 istam
429 2352 593 2418 deducere
611 2351 647 2413 in
669 2351 847 2435 judicium.
893 2351 939 2414 Et
961 2351 1144 2435 praedictus
1158 2351 1274 2417 Abbas
1290 2374 1374 2437 prae-

224 2463 301 2506 sens
317 2444 420 2505 estet
436 2439 499 2504 hoc
514 2438 604 2502 idem
614 2439 788 2523 cognoscit
803 2443 837 2503 et
853 2438 960 2523 gratis
971 2438 1152 2522 respondet
1168 2442 1203 2504 et
1218 2439 1374 2505 defendit

222 2529 279 2614 jus
305 2527 412 2612 ipsius
428 2524 575 2602 Tbomae,
602 2525 748 2610 quando,
773 2529 837 2590 eto.
883 2525 929 2589 Et
959 2525 1043 2589 dicit
1072 2526 1163 2608 quod
1192 2527 1373 2610 praedictus

223 2617 370 2680 Thomas
386 2613 474 2677 nihil
491 2613 578 2698 juris
593 2613 739 2678 clamare
761 2616 874 2696 potest
898 2611 935 2675 in
956 2611 1126 2696 praedictis
1154 2615 1370 2695 tenementis,

224 2703 303 2788 quie
319 2699 402 2766 dicit
417 2699 656 2784 quodquidam
667 2699 814 2764 Thomas
823 2699 854 2763 le
865 2699 980 2778 Escot,
993 2705 1092 2783 pater
1106 2698 1212 2784 ipsius
1224 2701 1371 2782 Thomas,

223 2791 319 2874 cujus
336 2789 432 2852 heres
457 2789 529 2872 ipse
552 2791 615 2865 est,
632 2788 799 2851 concessit
823 2789 859 2850 et
884 2786 1197 2870 quietumciemavit
1223 2789 1264 2852 de
1287 2809 1322 2855 se
1338 2794 1374 2853 et

221 2875 401 2942 heredibus
417 2873 487 2939 suis
498 2874 632 2938 cuidam
641 2874 806 2952 Walter0,
819 2873 990 2957 quondam
1000 2872 1127 2939 Abbati
1138 2873 1179 2939 de
1190 2874 1371 2955 AlnewicO,

222 2963 459 3050 predecessori
488 2960 586 3026 istius
616 2961 772 3039 Abbatis,
804 2963 915 3025 totum
946 2960 1004 3045 jus
1034 2964 1070 3024 et
1100 2960 1257 3026 clamium
1281 2963 1371 3046 quod

225 3051 345 3116 babuit
368 3049 404 3113 in
433 3053 509 3114 tcta
532 3048 591 3112 illa
617 3052 708 3114 terra
735 3046 1062 3132 compertinentiis,
1089 3069 1190 3132 quam
1218 3051 1369 3132 quaedam

223 3139 363 3218 Aldusa,
372 3135 443 3200 filia
452 3136 585 3214 Addok,
598 3135 691 3202 dedit
701 3135 861 3220 praedicto
871 3134 1009 3215 Abbati,
1020 3135 1253 3219 praedecessori
1265 3137 1371 3221 ipsius

226 3224 379 3304 Abbatis,
395 3224 431 3287 in
452 3222 605 3302 liberam,
620 3243 752 3307 puram,
775 3225 811 3286 et
831 3224 1031 3306 perpetuam
1052 3222 1280 3288 elemosinam.
1326 3225 1372 3290 Et

223 3312 413 3396 dicitquod
434 3316 525 3375 terra
551 3309 588 3373 in
614 3309 682 3374 ista
707 3309 825 3376 eadem
841 3309 955 3393 quieta
972 3308 1174 3375 clamatione
1198 3317 1369 3391 contenta,

223 3404 275 3466 est
290 3399 407 3463 eadem
427 3402 519 3464 terra
542 3418 642 3480 quam
667 3397 757 3461 idem
781 3396 927 3460 Thomas
954 3395 1045 3460 filius
1060 3396 1197 3460 Thomas
1221 3397 1252 3461 le
1267 3398 1371 3464 Escot

223 3487 311 3572 petit
327 3505 442 3550 versus
457 3505 545 3548 eum.
575 3484 622 3547 Et
637 3483 768 3567 profert
782 3483 953 3566 quoddam
969 3483 1145 3567 scriptum,
1158 3483 1220 3548 sub
1233 3486 1369 3550 nomine

222 3573 328 3659 ipsius
354 3572 490 3636 Thomae
516 3571 547 3635 le
572 3570 684 3650 Esoot,
699 3570 807 3656 patris
830 3571 984 3654 predicti
1010 3570 1158 3648 Thomas,
1173 3572 1262 3654 quod
1285 3594 1368 3657 prae-

222 3662 331 3726 dictas
348 3659 597 3724 concessionem
623 3661 657 3723 et
683 3658 832 3742 quietam
852 3657 1090 3722 clamationem
1105 3661 1263 3738 testatur,
1280 3661 1370 3724 unde

222 3748 309 3835 petit
324 3745 502 3832 judicium,
519 3744 548 3809 si
564 3745 654 3809 actio
669 3745 698 3809 ei
715 3749 904 3829 competere
918 3745 1028 3829 possit
1042 3745 1079 3807 in
1095 3744 1158 3808 hac
1173 3751 1281 3829 parte.

286 3835 332 3899 nt
347 3833 528 3918 praedictus
543 3832 690 3895 Thomas
706 3831 790 3895 dicit
802 3832 892 3916 quod
903 3832 1065 3916 praediota
1079 3831 1195 3914 quieta
1210 3833 1369 3900 clamatio

221 3944 288 3987 non
306 3921 405 3986 debet
420 3918 451 3986 ei
467 3921 594 3996 obesse,
612 3918 691 4002 quia
706 3918 791 3983 dicit
810 3919 900 4003 quod
924 3924 1002 4004 post
1024 3917 1270 3984 coniectionem
1286 3943 1369 4006 pree·

221 4011 320 4076 dictae
350 4007 471 4092 quietae
501 4005 724 4085 clamationis,
756 4005 892 4089 quidam
919 4007 1033 4091 Hugo,
1065 4007 1251 4071 avunculus
1276 4031 1368 4090 suus,

220 4098 329 4162 frater
343 4093 496 4180 praedicti
510 4092 658 4171 Thomae,
670 4093 779 4177 patris
801 4093 865 4172 sui,
882 4093 953 4157 fuit
975 4093 1111 4158 seisitus
1136 4092 1177 4157 de
1201 4095 1369 4177 predictis

220 4177 425 4250 tenementis
450 4187 484 4246 et
507 4180 586 4244 inde
611 4179 696 4244 obiit
723 4180 872 4258 seisitus‚
888 4184 967 4265 post
993 4181 1091 4265 cujus
1117 4188 1259 4245 mortem
1285 4205 1367 4267 prse-

221 4271 333 4337 dictus
348 4269 506 4346 Thomas,
522 4271 620 4352 pater
635 4288 727 4347 suus,
743 4267 885 4331 intravit
909 4266 943 4330 in
967 4265 1137 4351 praedictis
1152 4271 1369 4352 tenementis,

220 4364 260 4423 nt
275 4358 383 4422 frater
397 4356 468 4440 ejus
484 4359 519 4419 et
533 4356 642 4420 heres.
687 4353 733 4418 Et
759 4353 844 4419 dicit
868 4354 958 4438 quod
981 4354 1071 4418 idem
1098 4353 1256 4434 Thomas,
1271 4363 1370 4441 pater

221 4465 313 4524 suus,
330 4443 462 4507 dimisit
476 4441 594 4506 eadem
608 4443 805 4506 tenementa
827 4441 996 4526 praedictis
1012 4440 1155 4505 Andreae
1178 4445 1212 4508 et
1235 4443 1368 4526 Rogero

222 4533 264 4598 ad
291 4529 476 4596 terminum
507 4529 565 4613 qui
594 4528 769 4613 preteriit.
815 4529 861 4592 nt
891 4528 980 4613 quod
1005 4529 1056 4593 ita
1080 4527 1136 4609 sit,
1161 4531 1250 4614 petit
1279 4533 1369 4615 quod
