3278 5104
359 565 473 610 sssrzn
497 544 1020 626 nom,1vonrrrunnnunmvn,4d
1043 565 1126 611 nus.
1150 565 1203 612 111.
1293 547 1354 611 111

208 717 285 869 iddo
300 717 338 782 in
353 717 439 785 mis’.
485 719 531 786 Et
545 717 665 784 villnts
679 719 722 784 de
736 718 944 786 Kilverston'
961 719 1119 788 similiter
1145 720 1182 783 in
1206 721 1280 785 mis'
1295 741 1358 807 pro

210 826 250 871 eo
274 827 337 873 em.

274 943 379 1030 Hugo
393 944 426 1009 le
441 943 565 1009 Messir
579 943 739 1010 inventus
754 943 825 1008 fuit
839 946 993 1009 mortuus
1009 944 1046 1008 in
1061 966 1180 1030 campo
1196 946 1238 1012 de
1261 947 1359 1010 Dud-

124 1073 129 1083 ·
209 1030 355 1116 ington'.
401 1031 569 1111 Dionisin,
584 1051 671 1095 uxor
686 1031 772 1116 ejus,
787 1031 897 1115 prims
917 1032 1098 1113 inventrix,
1114 1033 1209 1097 venit
1232 1036 1267 1098 et
1290 1054 1360 1098 non

209 1118 458 1184 malcoreditur.
509 1119 556 1182 Et
583 1120 754 1203 juratores
780 1117 899 1183 dicunt
925 1119 1014 1203 quod
1041 1119 1113 1204 ipse
1139 1120 1225 1185 obiit
1251 1124 1359 1185 morte

209 1206 393 1270 subitsnio.
438 1205 485 1270 Et
500 1205 613 1270 nullus
629 1205 709 1269 inde
725 1204 972 1270 mulecreditur.
1006 1205 1189 1273 Etvillotae
1203 1207 1359 1292 Duding-

211 1293 294 1373 ton'‚
311 1293 480 1373 Hortone,
495 1293 651 1370 Fenton’‚
668 1297 703 1357 et
719 1293 892 1358 Wotvvode
916 1313 987 1358 non
1004 1299 1170 1360 venerunt
1193 1295 1291 1380 plene
1316 1295 1359 1360 sd

209 1379 476 1464 inquisitionem,
493 1378 569 1445 ideo
584 1379 621 1442 in
636 1379 722 1445 mis'.

275 1519 386 1583 Adnm
401 1519 568 1584 Bntemnn
584 1517 708 1584 cecidit
729 1517 770 1584 de
797 1517 942 1602 quodem
969 1519 1126 1604 jumento
1150 1519 1185 1582 in
1207 1540 1296 1604 aquo
1318 1519 1360 1585 de

210 1605 305 1692 'l'ylle
327 1609 363 1671 et
387 1605 578 1671 submersit.
623 1604 724 1685 Aldu,
738 1604 811 1668 filia
834 1606 920 1692 ejus,
936 1606 1045 1691 prims
1066 1605 1249 1687 inventrix,
1265 1607 1359 1671 venit

211 1698 246 1760 et
274 1715 344 1758 non
374 1692 612 1759 mulecreditur
641 1713 703 1756 nec
734 1692 856 1776 uliquis
887 1693 983 1758 alius.
1037 1693 1223 1773 Judicium,
1253 1694 1358 1757 infor·

211 1781 358 1845 tunium.
412 1780 569 1845 Precium
595 1778 743 1865 jumenti
766 1779 819 1865 iiij
833 1779 859 1843 s’
874 1781 905 1865 vj
919 1780 963 1860 d',
983 1781 1075 1845 unde
1097 1781 1281 1846 vicecomes
1307 1801 1359 1845 re-

212 1867 386 1952 spondeat.

276 2006 298 2069 J
299 2007 452 2070 uratores
467 2007 677 2090 presentant
692 2003 782 2086 quod
803 2002 922 2069 domus
944 2003 1118 2085 Dionisiae,
1133 2004 1253 2085 viduae,
1271 2025 1359 2070 com·

210 2092 313 2158 busta
335 2093 371 2156 in
399 2091 479 2156 villu
505 2091 547 2156 de
571 2090 808 2175 Dudington'3
841 2093 877 2154 et
902 2090 1096 2176 supervenit
1128 2091 1239 2156 Adnm
1270 2091 1360 2156 filius

211 2179 339 2244 Hnsset
364 2179 480 2245 volens
511 2178 692 2244 defendere
718 2177 832 2261 ignem
859 2179 1028 2262 percussit
1051 2178 1089 2241 in
1114 2179 1194 2264 igne
1214 2179 1360 2263 quodem

210 2267 342 2347 baculo,
352 2267 402 2331 its
416 2266 508 2350 quod
521 2265 698 2332 Villelmus
715 2264 757 2328 de
772 2263 950 2329 Menilevve
967 2265 1089 2330 cecidit
1104 2267 1167 2331 sub
1182 2265 1311 2345 baculo,
1325 2269 1360 2330 et
1412 2347 1414 2354 Ι

210 2355 323 2418 Adsm
342 2354 530 2438 ingnorsns
553 2357 588 2417 et
610 2351 775 2430 nesciens,
799 2353 967 2436 percussit
993 2352 1193 2436 pnndictum
1226 2352 1359 2417 Willel-

211 2463 304 2506 mum
319 2440 480 2526 praedicto
495 2438 615 2505 baculo
626 2438 662 2502 in
674 2437 797 2523 capite,
808 2439 859 2502 its
871 2439 960 2522 quod
971 2439 1075 2506 tertio
1085 2438 1269 2524 diepostes
1281 2440 1361 2504 inde

211 2528 308 2595 obiit.
362 2528 407 2592 Et
421 2527 531 2591 Adsm
548 2526 666 2591 statim
681 2525 775 2611 fugit
793 2528 829 2589 et
850 2546 921 2590 non
946 2526 1195 2608 madecreditur,
1212 2526 1280 2593 nisi
1301 2547 1362 2612 per

211 2615 410 2701 preadictum
421 2614 662 2694 infortunium,
673 2617 726 2677 set
735 2612 859 2678 estella
871 2614 944 2697 ejus
954 2614 1183 2679 confiscantur
1191 2635 1253 2700 pro
1264 2615 1360 2700 iugo.

212 2701 346 2769 Catella
360 2703 436 2787 xxvj
449 2701 475 2765 s'
493 2701 560 2765 rd'
583 2701 643 2781 ob’‚
665 2699 755 2764 unde
776 2699 960 2767 vicecomes
984 2701 1197 2786 respondent.
1242 2703 1289 2766 Et
1311 2701 1361 2766 lo-

213 2789 384 2876 quendum
400 2810 476 2854 cum
492 2787 629 2854 domino
644 2787 747 2873 Rege.

277 2925 516 2992 Modeisctores
552 2924 664 3010 ignoti
693 2925 926 3009 burgnverunt
957 2923 1095 2990 domum
1134 2925 1282 2991 Simonis
1318 2928 1361 2992 de

212 3014 426 3095 Middelton',
442 3017 478 3078 et
492 3011 605 3097 ipsum
620 3015 656 3078 et
678 3032 816 3077 uxorem
843 3011 1047 3096 ligaverunt,
1064 3016 1100 3078 et
1125 3013 1215 3078 bono
1239 3035 1301 3078 sus
1324 3014 1362 3078 in

213 3101 329 3169 eodem
352 3101 493 3165 invento
520 3102 791 3184 asportaverunt.
840 3099 1002 3165 Nescitur
1027 3100 1086 3183 qui
1113 3100 1263 3167 fuerunt.
1316 3102 1362 3166 ut

212 3189 332 3254 villntn
346 3187 387 3252 de
402 3187 604 3266 Middelton‚
621 3206 691 3251 non
705 3185 791 3251 fecit
807 3191 944 3267 sectam,
961 3187 1037 3254 ideo
1051 3186 1089 3250 in
1105 3187 1192 3252 mis'.

278 3343 408 3408 Ediths
428 3342 459 3406 le
487 3341 616 3406 Saltere
642 3339 793 3425 appellnt
817 3339 1005 3406 Jordsnum
1032 3339 1142 3405 filium
1165 3340 1306 3406 Roberti
1332 3341 1363 3408 le

213 3431 314 3518 Hyne
327 3428 417 3514 quod
431 3429 490 3494 ubi
499 3429 574 3513 ipse
584 3427 654 3491 fuit
663 3428 701 3491 in
710 3447 792 3512 pnoe
804 3427 934 3492 domini
944 3427 1048 3513 Regis
1061 3427 1097 3491 in
1109 3427 1191 3493 villo
1202 3428 1244 3494 de
1255 3429 1363 3494 Bodo-

212 3519 302 3584 ford¹
313 3518 433 3582 subtus
445 3516 573 3581 curiam
584 3515 606 3580 J
608 3514 754 3579 ohannis
766 3515 808 3579 de
820 3514 1012 3596 Bodeford'‚
1026 3515 1081 3579 die
1093 3515 1199 3581 Lunae
1209 3517 1362 3601 proximo

213 3610 291 3691 post
331 3603 464 3668 Pascha
508 3599 707 3683 Floridum,²
737 3601 827 3666 circs
859 3602 978 3666 horam
1011 3602 1234 3667 meridianam
1272 3625 1363 3669 anno

216 3693 341 3772 xxxiv,
357 3691 447 3755 idern
461 3690 483 3755 J
485 3690 631 3755 ordsnus
647 3689 804 3773 nequiter
819 3691 854 3753 ot
868 3687 905 3752 in
920 3688 1049 3753 felonis
1058 3692 1093 3754 et
1105 3694 1224 3754 contre
1233 3711 1362 3775 pacem,

215 3785 291 3860 etc,
308 3785 344 3843 et
359 3778 392 3843 vi
408 3776 591 3842 concubuit
606 3797 683 3841 cum
706 3796 757 3856 es,
773 3782 808 3841 et
831 3775 946 3860 rapuit
960 3775 1177 3861 viginitstcm
1204 3798 1311 3858 susm,
1328 3782 1363 3845 et

215 3867 300 3933 fecit
315 3864 426 3950 ipsam
440 3863 754 3948 sanguinolentam
771 3866 806 3927 et
822 3863 911 3947 quod
926 3863 991 3928 hoc
1005 3863 1090 3928 fecit
1108 3864 1273 3948 nequiter,
1286 3869 1363 3945 etc,

215 3955 317 4020 offert
347 3951 571 4018 disrationare
600 3971 715 4015 versus
745 3969 822 4015 eum
853 3949 941 4015 sicut
972 3950 1067 4015 curis
1096 3950 1287 4016 consideret
1323 3955 1364 4017 ut

215 4041 355 4122 femina,
371 4042 435 4105 etc.
470 4039 517 4102 Et
532 4039 552 4101 J
555 4038 701 4103 ordonus
716 4039 811 4102 venit
826 4042 862 4102 et
877 4036 1032 4103 defendit
1046 4037 1220 4118 felonism,
1232 4060 1363 4124 rapum,

216 4132 252 4194 et
266 4131 390 4208 totum,
405 4126 448 4191 de
462 4126 563 4190 verbo
577 4124 614 4188 in
628 4125 776 4203 verbum,
793 4127 829 4188 et
843 4124 943 4208 ponit
963 4145 998 4190 se
1025 4145 1126 4209 super
1151 4124 1299 4210 putrium
1322 4127 1364 4191 de

216 4216 305 4281 bono
321 4218 357 4280 et
372 4213 471 4278 melo.
517 4213 563 4276 Et
578 4214 697 4296 posteo
711 4211 806 4276 vonit
818 4212 907 4277 idem
918 4213 939 4276 J
941 4211 1088 4276 ordonus
1106 4213 1170 4298 [et]
1184 4233 1245 4297 per
1260 4213 1363 4278 licen-

219 4301 303 4368 tiam
317 4299 594 4367 Justicisriorum
608 4299 700 4384 cepit
715 4297 825 4383 ipssm
840 4299 876 4362 in
893 4318 1007 4364 uxore.
1052 4299 1135 4366 Ideo
1152 4300 1298 4384 quietus.

218 4475 400 4596 Pridiob‘bly
417 4474 545 4528 Bndiord
566 4472 594 4530 in
618 4471 770 4539 meurgh
849 4468 971 4524 ’Pascha
980 4473 1121 4536 Man,
1133 4471 1207 4526 Palm
1219 4473 1331 4542 smmy.
