3278 5104
242 495 306 560 164
380 513 495 558 166666
519 511 620 573 nonu,
643 509 985 571 soacuumumvn,
1009 489 1050 554 53
1074 508 1158 554 ura.
1181 507 1236 552 111.

241 667 381 756 Campo,
396 667 419 734 J
419 667 565 734 ohannis
579 666 622 732 16
639 665 803 746 Denton’,
819 663 986 731 Willelmi
1008 663 1050 730 de
1068 661 1233 747 Uluesby,
1248 658 1401 726 Eudonis

242 757 285 823 de
307 755 525 842 Shyrivvyth’,
549 754 691 821 Roberti
715 754 757 820 de
782 751 980 833 Wavertou,
997 750 1166 817 Jobannis
1184 749 1227 814 de
1251 747 1401 814 Roberd-

243 843 340 930 deby,
366 840 507 910 Roberti
534 843 577 907 de
601 839 775 927 Grogelin,
796 840 880 906 Adoe
909 839 1004 905 161Ί
1051 837 1192 918 emutb',
1209 834 1352 900 Patricii
1367 832 1400 898 le

241 931 360 1012 Bruin,
382 930 467 996 Adae
489 929 531 995 de
554 928 757 1014 Tborresby,
772 928 910 994 'l'homae
933 928 976 992 16
1029 926 1175 1012 6161666,
1201 923 1342 989 Uctredi
1367 920 1401 986 le

244 1018 424 1119 lbaneeys,
451 1016 493 1084 de
517 1016 684 1082 comitatu
707 1015 895 1096 Oumberl'3
918 1017 954 1080 et
974 1012 1115 1080 Roberti
1130 1013 1172 1078 de
1186 1009 1401 1097 Eggisclyve,

244 1105 386 1172 Roberti
401 1104 443 1173 de
458 1104 615 1184 Iaocon',
682 1101 761 1189 goh'
776 1103 818 1169 de
835 1103 1036 1181 Scurueton,
1047 1099 1194 1165 Simonis
1210 1097 1252 1164 de
1265 1096 1401 1176 Sutton,

245 1191 409 1257 Willelmi
435 1191 477 1257 de
503 1191 628 1276 Burgo,
673 1190 781 1256 homoe
795 1189 838 1255 de
863 1189 989 1274 Burgo‚
1005 1187 1028 1254 J
1028 1187 1173 1253 ohannis
1188 1185 1231 1252 de
1246 1185 1279 1250 16
1294 1185 1401 1263 Mare,

244 1279 370 1366 Rogeri
386 1279 428 1344 de
443 1277 538 1359 Leb',
554 1277 694 1344 Ricardi
708 1278 750 1345 de
765 1277 985 1356 Thorneton',
994 1274 1121 1360 Rogeri
1136 1274 1179 1338 (16
1194 1273 1400 1358 Braytwayt,

246 1365 347 1431 Alani
361 1365 403 1434 de
417 1365 576 1445 Helebec,
595 1363 761 1432 Willelmi
776 1363 818 1429 de
833 1363 989 1444 Foxton’‚
999 1360 1141 1428 Roberti
1159 1360 1201 1426 de
1216 1359 1401 1444 Royiuges‚

244 1453 387 1519 Roberti
402 1452 444 1518 de
459 1451 615 1532 Foxton'‚
631 1451 780 1518 Galfiidi
795 1451 960 1537 Bolbayn,
976 1453 1011 1516 et
1034 1447 1192 1515 Nicholai
1212 1448 1253 1515 de
1269 1445 1401 1525 Lauud,

245 1541 287 1608 de
308 1539 605 1620 comminabor,
632 1538 691 1624 661
711 1539 831 1604 dicunt
856 1537 946 1623 quod
969 1537 1195 1603 6666661166
1221 1535 1403 1600 comitatus

247 1627 348 1694 istius
372 1627 487 1712 quieta
510 1647 583 1692 6666
609 1625 783 1692 consuevit
806 1625 848 1691 de
873 1629 976 1690 turno
999 1623 1206 1691 vicecomitis
1227 1641 1334 1704 66666
1359 1619 1402 1685 61

246 1717 380 1800 tempus
396 1735 461 1799 quo
476 1712 667 1780 Willelmus
681 1713 824 1800 Heyrun
835 1713 905 1776 1611
915 1711 1100 1778 vicecomes
1111 1710 1196 1776 dicti
1208 1709 1402 1788 comitatus,

246 1805 299 1867 set
314 1805 395 1867 ante
409 1806 545 1886 tempus
560 1799 713 1886 praedicti
725 1799 889 1865 Willelmi
901 1799 1031 1866 solebat
1045 1799 1230 1864 vicecomes
1244 1816 1402 1861 unacum

248 1891 446 1955 coronatore
461 1887 575 1954 iacere
590 1886 825 1973 inquisitiones
841 1887 883 1952 16
898 1887 1010 1966 rebus,
1021 1907 1094 1972 qua
1109 1904 1268 1951 coronam
1279 1887 1401 1968 tange·

246 1977 343 2058 bant,
353 1997 413 2062 per
422 1977 698 2060 certaspersonas
708 1971 1401 2058 sufficientes,etnonpercommuuitatem,

247 2066 284 2130 61
298 2064 328 2128 si
340 2061 391 2127 illi
401 2082 554 2148 persona
565 2082 634 2126 uon
644 2064 809 2129 venerunt
820 2059 1306 2146 611666161116666166166166,
1318 2063 1402 2123 tuuc
1492 2101 1494 2106 ,

248 2150 529 2222 amerciabautnr.
575 2149 622 2213 Et
647 2148 737 2214 idem
757 2148 950 2214 Willelmus
976 2148 1128 2232 Hevron,
1151 2151 1304 2232 tempore
1329 2166 1401 2224 suo,

251 2236 430 2323 distringit
444 2257 560 2303 omues
575 2235 697 2303 liberos
721 2238 879 2302 tenentes
894 2241 929 2302 et
945 2234 1079 2302 villatas
1099 2235 1140 2301 de
1155 2233 1321 2299 66611616
1335 2232 1403 2297 1616

253 2325 372 2409 [quod]
384 2324 538 2390 venirent
548 2323 621 2410 [ed]
632 2323 716 2388 duos
725 2326 910 2407 turnosper
918 2325 1099 2404 anuum,et
1109 2321 1166 2407 qui
1176 2319 1404 2388 nonvenirent

252 2411 477 2478 communiter
499 2432 560 2497 pro
585 2410 761 2476 voluntate
788 2431 849 2475 666
872 2410 1020 2495 graviter
1043 2408 1247 2489 amerciavit,
1270 2411 1306 2473 et
1327 2406 1404 2472 ideo

247 2519 309 2584 per
323 2497 559 2579 extorsionem,
570 2519 643 2583 666
657 2519 678 2562 6
693 2496 829 2563 (166166
843 2497 937 2582 Rege
951 2517 1015 2562 666
1028 2497 1104 2582 ejus
1118 2495 1260 2562 consilio
1273 2493 1403 2559 nullum

249 2585 330 2651 inde
343 2584 465 2651 babuit
481 2588 679 2650 warantum.
724 2585 855 2650 Dicunt
869 2583 975 2649 etiam
987 2584 1075 2669 quod
1084 2605 1153 2650 nou
1165 2583 1270 2648 estad
1286 2583 1403 2667 damp-

249 2693 331 2737 num
361 2671 492 2738 domini
520 2672 625 2756 Regis
654 2671 686 2737 si
713 2671 865 2757 praedicti
893 2670 988 2736 turni
1017 2670 1272 2737 communitatis
1287 2669 1402 2735 remit·

250 2762 371 2824 tantur
385 2759 567 2825 dummodo
581 2758 671 2827 idem
687 2759 870 2825 comitatus
886 2759 929 2823 61
944 2759 1076 2824 firmam
1091 2757 1289 2838 dimittitur,
1302 2759 1354 2824 set
1374 2757 1403 2822 si

251 2846 409 2912 dominus
434 2847 509 2912 Rex
531 2847 674 2912 eandem
696 2845 895 2913 comitatum
918 2867 1021 2932 penes
1036 2867 1072 2911 se
1086 2849 1204 2911 166661
1225 2848 1261 2910 61
1283 2847 1402 2909 turnos

250 2933 429 3020 pradictus
451 2954 512 3019 per
533 2933 761 2999 extorsionem
783 2933 883 3000 modo
905 2933 1100 3018 supradicto
1114 2936 1231 3000 tenere
1245 2930 1402 3012 voluerit,

250 3041 312 3107 per
320 3020 581 3089 aestimationem
594 3021 705 3086 valere
719 3024 905 3107 potueruut
920 3024 1056 3086 666166
1070 3021 1096 3084 s’
1111 3041 1173 3106 per
1187 3041 1325 3100 annum,
1339 3022 1402 3087 616.

317 3157 437 3223 Assisa
451 3157 547 3224 veuit
561 3158 778 3243 recognitum
792 3158 822 3223 61
830 3158 1024 3225 Willelmus
1039 3157 1286 3237 deNewburn’‚
1298 3141 1403 3242 Hugo
1478 3157 1487 3178 ⁸

251 3246 348 3328 Bras,
371 3245 483 3311 Adam
504 3245 537 3313 le
563 3245 721 3327 Paumer,
744 3249 780 3310 61
801 3245 973 3313 Robertus
999 3245 1088 3311 lilius
1113 3245 1239 3332 Rogeri
1262 3244 1402 3329 injuste,

251 3337 329 3413 616.,
360 3331 615 3399 dissaisiverunt
644 3332 809 3398 Thomam
843 3334 884 3399 de
915 3333 1122 3419 Dyveleston
1151 3332 1193 3398 16
1223 3352 1403 3398 commuue

250 3423 399 3507 pastura
423 3441 492 3486 666
517 3419 555 3484 16
581 3419 701 3485 (166161
726 3420 770 3505 g’‚
797 3441 871 3505 666
893 3421 1043 3506 pertinet
1069 3420 1113 3486 61
1135 3419 1281 3487 liberum
1306 3425 1401 3484 1666-

250 3511 405 3574 mentum
432 3528 531 3572 6666
550 3505 588 3570 16
607 3441 836 3593 Dyveleston’,
858 3511 938 3593 post
960 3507 1115 3594 primam,
1140 3511 1205 3572 eto.
1250 3507 1297 3571 Et
1311 3507 1401 3573 unde

252 3594 405 3680 queritur
420 3594 509 3679 6661
524 3592 781 3661 dissaisiverunt
807 3616 884 3662 eum
910 3595 951 3663 16
976 3599 1125 3680 quatuor
1145 3593 1233 3660 acris
1255 3597 1402 3679 pasturae

251 3681 289 3746 in
316 3680 438 3766 quibus
464 3700 680 3746 communare
705 3681 834 3748 solebat
860 3703 937 3748 cum
956 3681 1160 3748 omnimodis
1185 3681 1306 3746 averiis
1331 3681 1402 3746 suis

251 3790 313 3871 per
325 3771 439 3834 66166
454 3788 592 3833 annum.
637 3768 762 3835 Postea
773 3769 865 3834 venit
879 3769 970 3834 idem
984 3769 1131 3835 Thomas
1147 3771 1182 3836 et
1196 3767 1339 3834 retraxit
1354 3789 1400 3850 se,

253 3856 330 3922 ideo
358 3853 432 3940 ipse
461 3858 497 3922 et
547 3854 630 3941 legii
659 3855 785 3920 66116
836 3856 1047 3942 6666666616
1076 3856 1114 3920 16
1142 3856 1229 3937 mis’,
1260 3855 1401 3936 scilicet,

252 3940 447 4008 willelmus
469 3942 512 4008 16
583 3942 685 4008 udon’
708 3946 744 4009 et
758 3942 815 4006 W’
844 3943 951 4008 61666
974 3942 1016 4010 16
1039 3943 1201 4028 Sluveley.
1246 3943 1403 4028 111666-

253 4029 338 4095 dicti
353 4027 547 4095 Willelmus
562 4028 683 4109 etalii,
699 4030 757 4114 661
771 4030 925 4112 veniunt,
940 4028 1020 4096 iude
1036 4030 1109 4096 6166
1124 4030 1188 4096 die.

318 4166 416 4231 Idem
441 4167 600 4248 Thomas,
625 4167 684 4252 qui
706 4167 790 4234 tulit
816 4169 917 4234 breve
939 4189 1054 4236 versus
1078 4167 1263 4234 Ricardum
1294 4167 1401 4233 filium

253 4253 395 4320 Roberti
409 4253 452 4319 de
466 4253 643 4341 (lorbrigg'
659 4258 694 4320 et
708 4255 793 4321 alios
808 4254 851 4320 16
861 4255 988 4341 placito
1003 4255 1093 4340 6661
1107 4255 1255 4341 reparari
1268 4255 1402 4322 faciant

253 4342 320 4408 duo
334 4340 467 4407 fossata
480 4341 518 4405 in
532 4340 763 4442 vaeleston',
779 4363 854 4428 qua
863 4341 994 4408 dirruta
1006 4346 1086 4407 eunt
1102 4343 1145 4408 ad
1160 4348 1402 4409 nocumentum

251 4428 350 4497 liberi
365 4429 552 4495 tenementi
566 4429 673 4514 ipsius
688 4428 826 4494 Thomae
840 4428 878 4493 iu
897 4428 1127 4516 vaeleston',
1144 4432 1181 4494 et
1195 4429 1289 4494 eliud
1304 4431 1403 4496 breve

253 4517 295 4586 de
317 4514 576 4583 rationabilibus
598 4515 772 4586 estoveriis
787 4537 902 4585 versus
922 4517 1111 4584 Robertun
1133 4516 1243 4582 filium
1264 4517 1402 4605 Rogeii,

1632 587 1635 692 l
