3252 5100
412 557 526 603 sssizn
548 559 645 619 noun,
669 558 1008 619 nonumsnnmun,
1032 535 1051 602 7
1074 557 1162 602 unu.
1186 558 1213 601 1.
1322 535 1387 600 389

231 707 284 773 De
299 706 416 774 eodem
433 707 569 776 Simone
584 708 626 775 de
640 710 708 776 fine
724 731 785 775 suo
800 731 861 794 pro
876 731 913 775 se
931 715 967 775 et
980 708 1104 796 plegiis
1121 707 1203 788 suis,
1222 706 1302 793 quis
1316 728 1386 772 non

322 798 375 860 est
389 800 600 881 prosecutus,
615 797 696 883 jm'.

236 880 288 946 De
302 881 414 947 Alsno
428 883 499 949 fflio
513 882 597 949 Adae
614 885 747 952 Snitere
761 905 823 970 pro
837 883 927 950 falso
941 883 1097 964 clamore,
1113 882 1147 946 xl
1156 883 1201 948 d’.

235 968 287 1034 De
303 969 414 1034 Alsno
429 970 499 1036 filio
515 971 660 1052 Ithonis,
678 971 754 1036 Ads
767 971 905 1051 Botild’,
921 970 1093 1036 Willelmo
1107 970 1180 1035 filio
1195 968 1384 1050 Oristinnae,

320 1064 355 1122 et
372 1056 542 1124 Willelmo
563 1058 634 1123 filio
649 1059 830 1145 Msrgnriae
852 1058 894 1123 de
909 1058 1085 1143 Thorpton
1107 1058 1149 1123 do
1165 1056 1231 1123 fine
1247 1077 1308 1122 suo
1323 1077 1385 1142 pro

322 1144 411 1209 falso
426 1145 583 1226 olnmore,
600 1146 636 1210 di
647 1147 703 1226 ω’,
718 1167 779 1232 per
793 1145 944 1232 plegium
959 1146 981 1210 J
982 1145 1126 1210 ohannis
1141 1143 1274 1209 Bullok.

237 1229 289 1296 De
304 1231 451 1382 jomo
466 1233 508 1299 de
523 1232 557 1298 ln
572 1233 668 1299 More
683 1234 725 1298 de
740 1234 807 1300 fine
834 1254 896 1299 suo
910 1254 972 1319 pro
992 1232 1132 1298 licentis
1147 1231 1385 1312 eoncordnndi,

350 1319 425 1384 ‘m'.

236 1405 288 1471 De
303 1405 385 1486 Eva,
401 1427 475 1491 quse
485 1407 556 1510 fuit
570 1429 656 1525 uper
666 1408 841 1494 Rnnulphi
850 1408 892 1473 de
907 1406 1168 1492 Blenkenshop’,
1179 1406 1221 1473 de
1235 1407 1303 1472 fine
1324 1427 1385 1472 suo

238 1579 290 1647 De
304 1495 688 1669 lidiieiididldl’gwwgtlmg
703 1584 745 1648 de
759 1583 922 1649 Olivedon
946 1583 988 1648 de
1011 1583 1078 1650 fine
1092 1601 1155 1647 suo
1169 1603 1231 1667 pro
1246 1581 1386 1649 licentis

326 1670 563 1749 ooneordsndi,
578 1670 591 1756 j
604 1670 659 1750 m',
675 1690 736 1756 per
748 1671 900 1756 plegium
916 1671 998 1736 Adae
1012 1668 1160 1735 Ribsud.

237 1755 290 1822 De
304 1755 454 1822 Roberto
469 1756 511 1822 de
527 1757 762 1844 aninglewe
776 1779 838 1844 pro
852 1757 985 1843 injusta
999 1757 1205 1835 detentione,
1222 1754 1257 1820 di
1266 1755 1320 1820 m'.

236 1842 288 1910 De
316 1843 464 1910 Henrioo
490 1844 617 1924 Bnrun,
633 1844 803 1911 Willelmo
828 1845 898 1910 filio
921 1844 1061 1911 Roberti
1086 1843 1128 1908 de
1150 1843 1303 1928 Oopland
1325 1864 1386 1929 pro

326 1929 448 2015 plegiis
463 1931 601 1997 Ricardi
617 1932 784 2034 Onmpiun
800 1936 835 1998 et
850 1932 978 2012 Murius,
993 1931 1106 1996 uxoris
1118 1931 1204 2016 ejus',
1220 1930 1306 1995 xld’.

240 2016 292 2082 De
307 2017 479 2083 Willelmo
494 2019 564 2083 fflio
584 2019 710 2105 Rogen
733 2021 775 2085 de
800 2018 1052 2100 Skmlsenwod',
1073 2018 1154 2104 quin·
1175 2017 1318 2084 retraxit
1340 2040 1386 2100 se,

326 2104 498 2206 Vllillelmo
525 2106 718 2224 lflnlenfuut
747 2110 783 2172 et
809 2106 982 2172 Willelmo
1009 2106 1063 2173 del
1091 2105 1151 2170 Hil
1173 2126 1235 2191 pro
1265 2104 1387 2192 plegiis

235 2278 287 2346 De
302 2193 549 2380 1333mess
556 2216 629 2345 vidit
643 2302 729 2346 uxor
743 2281 885 2347 Roberti
900 2281 942 2346 de
953 2281 987 2346 ln
999 2280 1178 2359 Ohumbre,
1191 2279 1312 2380 detine
1325 2235 1365 2345 sii

325 2366 793 2520 fflblgotpnpincoonoordsndi,
809 2368 844 2432 di
852 2368 908 2448 m’,
924 2390 984 2453 per
997 2368 1149 2455 plegium
1166 2367 1312 2432 S1monis
1328 2367 1389 2432 filii

403 2475 420 2520 e
506 2476 524 2520 e
568 2477 692 2522 emere.

240 2540 293 2605 De
308 2539 456 2606 Riourdo
471 2542 512 2608 de
528 2542 676 2628 Ooyuers
691 2564 753 2628 pro
768 2543 901 2629 injuste
915 2542 1122 2620 detentione,
1139 2541 1236 2608 dim'.

240 2627 293 2693 De
307 2628 329 2692 J
330 2628 465 2695 ohanne
480 2629 522 2694 de
539 2631 754 2695 Hertwaiton
769 2651 831 2714 pro
846 2629 935 2695 fnlso
951 2630 1107 2709 elamore,
1124 2629 1160 2693 di
1168 2630 1222 2692 m'.

241 2714 293 2780 De
302 2715 449 2780 Rienrdo
458 2717 540 2796 Ker,
552 2717 706 2782 Gilberto
718 2719 759 2783 de
771 2717 952 2798 Litresdul‚
965 2715 1138 2782 Willelmo
1148 2716 1179 2780 le
1189 2717 1389 2798 Despenser,

326 2802 485 2868 Johnnne
510 2803 611 2890 Grey,
638 2804 806 2870 Willelmo
832 2804 984 2882 Dunbur,
1000 2803 1147 2868 Riosrdo
1173 2803 1205 2868 le
1229 2802 1389 2884 Cuhirde,

327 2889 459 2956 Thomu
487 2891 678 2972 Edenhull’,
709 2892 785 2956 Elis
821 2891 990 2975 Bsngnrd,
1029 2890 1160 2956 Thomu
1189 2889 1323 2970 Lillebi,
1354 2895 1390 2956 et

326 2978 477 3044 Roberto
489 2977 764 3045 deAldenburwe
774 2980 816 3044 de
827 2981 895 3044 fine
907 2999 968 3043 suo
979 2999 1040 3064 pro
1052 2977 1389 3063 transgressionibus,

329 3087 372 3130 xx
381 3066 418 3144 ε’,
434 3084 495 3150 per
508 3065 658 3151 plegium
673 3067 858 3132 Alexandri
874 3067 916 3131 de
929 3065 1086 3131 Bouekit.

231 3152 287 3216 'De
296 3151 428 3218 Thomu
437 3153 479 3218 de
487 3152 647 3219 Olivedon
658 3154 772 3219 define
782 3175 842 3218 suo
850 3175 913 3239 pro
922 3151 1302 3232 lieentiuoonoordnndi,
1308 3152 1321 3238 j
1332 3154 1388 3218 m’.

240 3239 292 3304 De
317 3241 463 3326 Hugone
486 3239 528 3305 do
554 3241 689 3305 Rodum
716 3241 757 3306 de
783 3242 851 3306 fine
878 3261 939 3307 suo
965 3259 1025 3325 pro
1051 3240 1178 3321 eodem,
1205 3240 1303 3320 dim’,
1331 3262 1390 3326 per

326 3327 477 3413 plegium
492 3327 669 3392 Michaelis
685 3328 727 3393 de
742 3329 828 3394 Rok.

240 3413 292 3482 De
317 3414 464 3479 Henrioo
488 3415 683 3494 deSnnoto
709 3415 826 3496 Paulo,
854 3414 934 3500 quin
956 3415 1100 3480 retraxit
1122 3435 1168 3493 se,
1192 3415 1325 3499 Regem
1348 3414 1390 3479 do

327 3501 460 3604 Bodill',
477 3502 607 3619 Thomp
633 3502 702 3568 filio
722 3503 861 3567 Riosrdi
887 3502 929 3568 de
951 3501 1152 3567 Beudenhsl
1177 3523 1239 3587 pro
1265 3500 1388 3586 pleglis

239 3675 291 3742 De
306 3589 719 3742 Igilldsrddmiiliffillifillelmi
734 3677 775 3743 de
792 3675 949 3740 Widenn'
964 3697 1026 3763 pro
1042 3676 1169 3756 eodem,
1189 3675 1336 3760 Hugone
1349 3673 1391 3739 de

325 3763 541 3916 ffldffl'fflhal’
557 3767 593 3829 et
607 3764 629 3828 J
630 3765 764 3830 ohanne
775 3765 817 3831 de
828 3764 1007 3850 deepeth
1021 3785 1082 3848 pro
1093 3762 1215 3849 plegiis
1226 3761 1392 3849 ejusdem,

350 3851 425 3914 sm’.

239 3937 291 4003 De
308 3939 455 4024 Hugone
480 3937 561 4003 Seot
576 3938 618 4004 de
640 3937 809 4006 Nesebiok
832 3941 868 4005 et
888 3937 1070 4023 Murgerie,
1095 3957 1199 4002 uxore
1225 3936 1313 4022 ejus,
1328 3957 1390 4021 pro

325 4025 454 4106 eodem,
471 4026 492 4088 J
494 4027 628 4126 ohanne
644 4027 685 4091 de
700 4024 1154 4092 Brnnkeston’etWillelmo
1164 4023 1206 4089 de
1220 4023 1390 4090 Nesebiok

238 4199 290 4266 De
305 4112 700 4266 Ppppoppffiaeppgppiffl
709 4135 830 4281 illicia,
843 4221 945 4265 uxore
955 4200 1039 4284 ejus,
1050 4199 1090 4266 de
1100 4199 1169 4263 fine
1179 4219 1240 4284 pro
1251 4197 1390 4265 licentis

325 4287 563 4367 oonoordsndi,
580 4288 678 4368 dim',
692 4309 753 4374 per
768 4287 918 4373 plegium
935 4287 1017 4351 Elliae
1033 4287 1065 4351 le
1085 4287 1267 4351 E'nueoner.

238 4374 290 4440 De
305 4373 485 4458 Redulpho
500 4375 563 4456 Rs,
579 4376 661 4459 quin
676 4396 744 4440 non
754 4378 807 4442 eet
814 4379 1024 4460 prosecutus,
1036 4375 1185 4440 Ricardo
1204 4374 1245 4438 de
1262 4372 1387 4439 Snnoto

324 4461 438 4614 (Ιῖεὓτο,
456 4463 630 4549 Stephano
644 4461 713 4529 filio
724 4461 809 4528 Elliae
823 4462 865 4528 de
875 4462 1144 4548 Oslverdon’pro
1159 4460 1282 4548 plegiis
1298 4461 1390 4548 ejus-

348 4571 413 4631 em,
434 4549 500 4615 ιε’.
