3278 5104
306 528 349 592 94
456 547 568 592 rssrzr
591 547 688 609 nona,
712 547 1047 607 rorrnmumrn,
1070 526 1113 590 40
1136 546 1218 590 aar.
1241 547 1296 591 ιιι.

307 701 491 768 liebertum
518 701 550 766 le
587 701 694 767 (taust
715 700 756 768 de
780 700 957 787 Idingtcn’
981 701 1023 768 de
1048 721 1130 786 rapo
1154 704 1190 766 et
1212 719 1295 785 pace
1324 697 1453 763 domini
1529 689 1532 696 ’

306 789 410 874 Regis
444 787 603 854 infracta.
648 789 694 854 Et
723 788 871 854 Matilda
900 789 1000 853 modo
1029 808 1098 852 non
1133 786 1238 866 venit,
1272 786 1349 852 ideo
1378 785 1453 870 ipsa

307 872 1453 1028 eusaelereuurrezesurcircuitu

307 1049 451 1115 Walteri
467 1049 649 1116 decadem.
695 1049 740 1114 Et
755 1049 924 1114 Robertus
938 1048 1043 1129 uenit,
1055 1051 1090 1115 et
1100 1049 1270 1133 juratores
1280 1051 1454 1112 testantur

308 1137 398 1221 quod
413 1136 608 1202 concordati
623 1139 715 1218 sunt,
731 1139 766 1201 et
781 1135 869 1220 quod
885 1135 957 1238 ipso
971 1136 1004 1200 vi
1020 1135 1202 1201 concubuit
1217 1156 1295 1200 cum
1310 1156 1360 1216 ea,
1376 1135 1453 1199 idco

308 1224 530 1290 custodiatur.
577 1223 695 1290 Finem
718 1222 802 1289 fecit
824 1243 885 1308 per
898 1245 912 1308 J
925 1223 979 1304 ιη’,
995 1243 1055 1308 per
1076 1222 1226 1308 plegium
1249 1221 1407 1287 Nicholai
1422 1220 1453 1287 le

309 1311 438 1376 Parlrer
452 1313 487 1376 et
503 1310 662 1396 Hugonis
677 1309 709 1374 le
724 1310 879 1396 Vigerus.

373 1450 505 1514 Alanus
531 1447 634 1514 Gretc
649 1448 691 1515 de
711 1447 918 1514 'I'horenton'
936 1446 1071 1512 iuratus
1095 1447 1166 1512 fuit
1189 1447 1273 1512 duos
1288 1447 1401 1527 boves,
1420 1447 1455 1511 et

308 1540 428 1622 captus
443 1535 514 1600 fuit
529 1537 564 1601 et
578 1535 809 1620 inprisonatus
824 1534 861 1598 in
876 1535 1014 1620 prisona
1031 1535 1122 1620 apud
1141 1534 1275 1599 Novum
1297 1533 1454 1598 Castrum

309 1644 409 1709 super
430 1623 571 1708 rynam,
599 1621 693 1687 etin
716 1623 854 1707 prisona
877 1621 973 1686 obiit.
1018 1621 1151 1688 Oatalla
1181 1623 1253 1706 ejus
1283 1621 1340 1706 viij
1353 1621 1396 1685 m’
1419 1623 1455 1686 et

310 1710 462 1786 dimidia,
478 1710 569 1775 unde
584 1709 768 1774 vicecomes
784 1709 994 1794 respondeat.

373 1847 612 1912 Malefactores
638 1845 775 1932 ingnoti
798 1847 1028 1932 burgavcrunt
1053 1847 1190 1912 domum
1213 1846 1372 1932 Hugonis
1392 1846 1456 1911 filii

309 1933 487 2001 Cristianae
502 1933 544 1999 de
558 1934 743 2011 Burneton,
759 1938 795 1999 et
809 1935 899 1998 bona
915 1953 977 1998 sua
990 1938 1260 2019 asportaverunt.
1295 1934 1456 1999 Nesoitur

310 2021 368 2124 qui
382 2021 533 2138 fuerunt.
577 2021 624 2086 Et
645 2019 763 2086 villata
785 2020 827 2086 de
841 2021 1028 2085 Burenton'
1044 2041 1113 2086 non
1128 2021 1212 2086 fecit
1227 2026 1365 2102 sectam,
1381 2021 1456 2086 ideo

310 2132 347 2173 ιιι
362 2130 427 2173 mrs
443 2159 449 2174 .

374 2248 548 2312 iuratores
577 2250 786 2332 praesentant
815 2245 1065 2331 quodquidam
1101 2247 1248 2312 Thomas
1285 2247 1327 2313 dc
1363 2247 1457 2313 Gun-

310 2334 462 2413 warton’,
478 2332 670 2418 capellanus
686 2334 833 2413 demens,
856 2333 893 2396 in
918 2333 1106 2399 demonicis
1131 2356 1192 2400 sua
1212 2335 1253 2399 de
1277 2339 1375 2400 nocte
1393 2334 1456 2399 ivit

310 2422 354 2486 ad
369 2421 504 2485 domum
521 2419 680 2505 Hugouis
692 2421 733 2484 de
748 2421 948 2500 Burton',et
962 2421 1093 2486 invenit
1104 2442 1231 2501 omnes,
1244 2421 1302 2506 qui
1316 2423 1457 2487 fuerunt

309 2508 347 2572 in
362 2508 461 2572 domo
475 2506 544 2584 illa,
561 2506 787 2589 dormientes3
810 2510 846 2574 et
867 2507 957 2573 idem
973 2508 1176 2592 capellanus,
1200 2508 1313 2576 volens
1328 2509 1457 2575 intrare

310 2595 448 2660 domum
460 2593 521 2658 ubi
535 2593 624 2660 idem
651 2593 757 2680 Hugo
781 2598 816 2660 et
840 2594 973 2659 familia
988 2616 1050 2660 sua
1064 2595 1255 2681 jacuerunt,
1270 2595 1323 2660 fre
1350 2595 1376 2660 ’1
1387 2598 1457 2660 tres

309 2682 432 2747 bordas
447 2679 586 2765 parietis
599 2681 752 2765 ejusdem
761 2681 880 2746 domus
891 2687 927 2747 et
940 2682 1049 2746 voluit
1058 2683 1197 2747 intrare.
1228 2682 1275 2746 Et
1284 2682 1328 2748 Gi
1340 2685 1457 2749 bertus

311 2767 450 2849 Dhutti,
463 2768 609 2834 serviens
618 2768 650 2853 ej
655 2769 771 2833 usdem
777 2768 947 2852 Hugonis,
954 2768 1094 2834 audiens
1105 2769 1290 2834 tumultum
1302 2770 1458 2837 credebat

311 2857 461 2922 latrones
487 2875 558 2921 esse
584 2855 709 2922 ibidem
733 2859 925 2941 praesentes.
971 2857 1017 2920 Et
1040 2856 1129 2922 sicut
1150 2856 1240 2923 idem
1265 2857 1458 2942 capellanus

313 2941 516 3009 extendebat
542 2946 645 3027 caput
670 2963 769 3008 suum
789 2941 882 3008 infra
903 2941 1051 3024 domum,
1075 2943 1190 3009 volens
1207 2943 1347 3024 intrare,
1368 2945 1458 3009 idem

313 3029 485 3096 Gilbertus
500 3030 667 3130 percussit
684 3049 761 3094 eum
776 3029 921 3114 quodam
938 3027 1080 3114 tyucllol
1096 3031 1132 3094 in
1148 3030 1273 3110 fronte,
1297 3031 1348 3096 ita
1369 3031 1459 3115 quod

314 3117 433 3182 statim
455 3115 549 3181 obrit.
595 3116 641 3179 Et
664 3116 845 3200 praedictus
870 3115 1042 3182 Gilbcrtus
1068 3117 1287 3198 attachiatus,
1312 3117 1460 3184 renitet

312 3205 377 3270 hoc
400 3203 490 3268 idem
513 3203 720 3287 congnoscit,
742 3203 819 3270 ideo
843 3204 1064 3286 custodiatur,
1086 3208 1122 3270 ct
1142 3204 1223 3268 inde
1244 3204 1458 3287 loquendum.

313 3290 436 3356 Postea
451 3292 616 3355 testatum
631 3308 692 3374 per
701 3291 870 3374 juratores
893 3294 928 3355 et
950 3291 1086 3356 villatas
1101 3290 1355 3377 propinquiores
1371 3293 1460 3378 quod

312 3377 385 3463 ipse
401 3398 469 3442 non
483 3375 651 3460 percussit
666 3397 741 3441 eum
764 3376 931 3461 nequiter,
949 3378 1053 3444 immo
1072 3378 1161 3462 quod
1177 3378 1335 3444 credebat
1349 3378 1460 3465 ipsum

314 3485 387 3530 esse
400 3463 579 3544 latronem,
594 3463 670 3529 ideo
684 3463 763 3528 inde
779 3463 924 3549 quietus.

379 3602 440 3667 Iro
466 3601 508 3666 de
524 3601 745 3683 Aldewurth’‚
765 3603 931 3670 veniendo
954 3604 996 3668 de
1018 3603 1114 3669 Novo
1129 3603 1259 3684 Castro,
1275 3604 1398 3670 cecidit
1418 3607 1460 3672 de

314 3689 458 3774 quodam
486 3709 581 3774 equo,
608 3688 659 3752 ita
682 3689 771 3773 quod
795 3689 914 3755 statim
936 3690 1032 3756 obiit.
1077 3690 1338 3776 Radulphns'de
1357 3691 1460 3758 Alde-

314 3775 449 3856 wurth’,
502 3776 607 3841 rimus
637 3776 803 3858 inuentor,
837 3777 931 3842 venit
961 3780 996 3842 et
1024 3799 1093 3843 non
1122 3778 1369 3860 malcoreditur,
1399 3801 1461 3847 nec

316 3863 437 4015 alipuis
499 3863 563 3929 'ua
608 3863 791 3944 Judicium,
818 3863 1056 3930 infortunium.
1101 3865 1256 3931 Precium
1279 3868 1355 3951 equi
1377 3867 1412 3953 vj
1425 3869 1462 3949 ι’,

314 3971 362 4015 (ιιι
386 3945 601 4016 ericeco'mes
617 3951 829 4036 respondeat.

379 4085 490 4150 Adam
512 4086 544 4153 lc
561 4087 730 4172 Eiancoys
750 4088 792 4154 de
808 4087 1032 4174 Walington’,
1052 4092 1199 4156 rettatus
1214 4090 1256 4156 de
1269 4090 1460 4173 latrocinio,

316 4173 486 4241 subtraxit
509 4193 556 4252 se,
583 4176 619 4239 et
644 4173 881 4242 malcoreditur
907 4177 948 4240 de
976 4176 1128 4261 pluribus
1157 4176 1356 4260 latrociniis,
1384 4180 1462 4246 ideo

315 4260 721 4434 pgppffirepputlagetur.
766 4261 901 4328 Catalla
912 4263 985 4348 ejus
996 4263 1029 4348 vj
1040 4264 1066 4326 ε’
1082 4263 1105 4349 ij
1119 4263 1163 4344 d’,
1178 4265 1269 4331 unde
1278 4266 1462 4334 vicecomes

448 4517 456 4550 ¹
476 4519 595 4582 11111111,
611 4535 627 4571 a
642 4521 709 4586 yolo
719 4521 761 4574 lor
771 4520 892 4589 carrying
902 4522 966 4588 palla
978 4522 1054 4586 (Lon.
1066 4523 1134 4577 uae.
1146 4530 1171 4576 er
1181 4526 1233 4592 Irp'.
1243 4527 1326 4595 Lat).
