3272 5092
277 519 341 584 174
428 536 542 584 sssrzr
565 536 662 596 nona,
686 533 1026 596 ronrnuusramrn,
1050 514 1092 578 53
1115 533 1198 580 aar.
1220 533 1274 579 ιιι.

277 695 401 759 Postea
423 691 518 758 venit
542 689 704 777 praedieta
729 691 856 774 Agnes,
871 688 941 753 filia
963 688 1101 754 Thomae
1123 687 1185 752 filii
1208 687 1371 758 willelmi
1397 692 1432 756 et

275 784 377 847 finem
391 781 475 845 feeit
497 799 558 864 pro
584 799 619 844 se
645 781 680 843 et
702 775 823 862 plegiis
839 776 908 842 suis
923 797 985 861 per
1001 797 1106 840 unam
1116 776 1171 854 ιη’,
1192 796 1253 861 per
1278 779 1429 864 plegium

280 868 437 953 Hugonis
451 868 483 931 le
498 867 635 951 Vigrus.

341 1026 468 1106 Agnes,
484 1019 556 1083 filia
570 1017 750 1084 Matillidis
766 1017 808 1083 (le
818 1016 967 1101 Ryhull',
983 1038 1058 1101 quae
1067 1016 1148 1081 tulit
1158 1015 1299 1082 assisam
1308 1015 1428 1080 mortis

276 1107 498 1175 antecessoris
521 1127 636 1173 versus
663 1105 804 1170 Petrum
828 1103 869 1168 de
896 1103 1071 1168 Faundon'
1099 1105 1141 1168 de
1166 1106 1364 1168 tenemento
1390 1103 1427 1166 in

278 1195 425 1282 Ryhull',
442 1215 510 1259 non
533 1198 586 1260 est
607 1196 794 1278 prosecuta,
810 1191 887 1255 ideo
909 1191 984 1277 ipsa
1003 1195 1039 1256 et
1060 1191 1165 1276 plegii
1185 1191 1238 1255 sui
1258 1191 1300 1255 de
1315 1210 1428 1275 prose-

277 1283 411 1369 quendo
425 1283 462 1346 in
475 1281 563 1361 mis',
576 1279 715 1359 scilieet,
727 1279 897 1344 Robertus
912 1280 954 1343 de
966 1277 1197 1344 Thurrismere
1213 1283 1248 1344 et
1258 1277 1428 1342 Robertus

279 1374 321 1437 de
336 1370 459 1434 Wsles.

341 1507 460 1573 Assisa
488 1505 581 1571 venit
609 1504 828 1589 recognitum
854 1504 883 1568 si
913 1503 1079 1568 Ricardus
1102 1503 1192 1569 filius
1217 1504 1363 1570 Gilbsrti
1388 1503 1430 1570 de

277 1597 436 1682 Coyners,
463 1593 644 1670 Robertus‚
670 1591 780 1656 frater
802 1591 889 1676 ejus,
916 1595 951 1656 et
976 1591 1123 1656 Thomas
1147 1592 1188 1657 de
1215 1592 1362 1676 Saltwyo
1376 1591 1430 1655 in-

277 1686 370 1771 juste
386 1686 421 1746 et
437 1681 510 1746 sine
522 1679 649 1763 judicio
670 1677 925 1745 disseisiverunt
940 1678 1108 1743 Abbetem
1124 1679 1165 1743 de
1181 1678 1277 1744 Novo
1293 1679 1429 1743 Mones·

276 1771 363 1838 terio
378 1771 419 1835 de
434 1768 540 1833 libero
554 1769 749 1830 tenemento
765 1786 826 1830 suo
841 1764 878 1829 in
893 1765 1094 1845 Galdewell',
1105 1766 1183 1850 post
1197 1766 1352 1850 primam,
1365 1774 1429 1831 eto.

278 1861 325 1924 nt
339 1857 429 1921 unde
445 1853 597 1938 queritur
614 1853 704 1937 quod
725 1853 980 1919 disseisiverrmt
1000 1873 1077 1916 eum
1093 1853 1135 1917 tle
1155 1873 1224 1916 una
1245 1874 1324 1918 sera
1338 1852 1429 1938 prati

278 1951 315 2012 et
331 1965 401 2009 una
421 1943 503 2006 roda
523 1961 600 2004 oum
622 1939 862 2024 pertinentiis.¹
916 1940 962 2003 Eit
974 1940 1086 2004 nullus
1105 1961 1221 2005 eorum
1240 1941 1344 2021 venit,
1367 1961 1429 2006 neo

277 2033 419 2098 luerunt
438 2027 631 2107 sttoohiati,
654 2027 734 2111 quia
753 2049 823 2092 non
846 2028 989 2091 fuerunt
1011 2027 1151 2108 inventi,
1172 2028 1248 2092 ideo
1274 2028 1429 2112 oapiatur

280 2119 388 2185 assisa
418 2136 533 2182 versus
564 2135 620 2179 eos
650 2135 711 2198 per
739 2114 915 2179 defaltum.
974 2113 1153 2179 imatores
1182 2115 1301 2180 dieunt
1331 2137 1431 2200 super

280 2209 529 2273 sacramentum
553 2222 651 2266 suum
675 2202 765 2286 quod
794 2201 946 2286 praedicti
968 2201 1135 2266 Ricardus
1164 2206 1201 2267 et
1229 2222 1345 2269 omnes
1371 2202 1431 2266 alii

279 2291 536 2359 disseisiverunt
559 2288 757 2374 praediotum
780 2290 947 2354 Abbatem
972 2290 1013 2353 de
1042 2289 1202 2373 praedicto
1225 2293 1430 2370 tenemento,

281 2382 370 2467 quod
396 2377 511 2463 posuit
532 2376 570 2440 in
585 2375 660 2440 visu
680 2396 752 2456 sue,
767 2375 908 2460 injuste,
925 2382 1000 2455 eto,
1022 2375 1111 2440 siout
1125 2377 1224 2442 breve
1248 2377 1341 2442 dioit.
1387 2377 1433 2441 Et

281 2467 533 2535 consideratum
555 2463 712 2546 estquod
735 2463 914 2547 praediotus
937 2463 1052 2529 Abbss
1076 2466 1252 2549 recuperet
1274 2463 1434 2529 seisinam

282 2577 378 2621 suam
404 2553 446 2617 de
475 2549 635 2636 praedioto
664 2553 861 2616 tenemento
888 2549 1081 2638 pervisum
1109 2551 1374 2638 recognitorum,
1400 2554 1436 2618 et

282 2642 449 2709 Ricardus
465 2642 500 2704 et
515 2658 631 2703 omnes
647 2635 706 2701 alii
721 2637 759 2700 in
773 2637 859 2704 mis’.

346 2729 505 2812 Dampna
519 2724 553 2810 iij
566 2724 592 2788 ι’
609 2725 720 2809 capta.

348 2863 468 2929 Assisa
482 2862 576 2926 venit
590 2859 809 2946 recognitum
823 2860 853 2925 si
868 2859 1025 2940 Isabella,
1034 2882 1116 2947 vquae
1129 2861 1293 2928 fuituxor
1307 2861 1434 2948 Rogeri

284 2953 348 3018 filii
376 2949 570 3029 Johannis,⁹
601 2948 719 3012 Simon
750 2946 872 3028 Baard,
903 2948 1008 3034 Hugo
1039 2949 1081 3015 (le
1117 2949 1270 3031 Burton',
1300 2951 1432 3016 Alanus

284 3043 489 3123 nauseeys,
512 3035 622 3100 Adam
649 3034 813 3115 Pslmere,
836 3033 1005 3100 Robertus
1032 3034 1256 3117 Forestarius‚
1278 3037 1432 3122 Rogems

284 3129 398 3205 Baret,
416 3128 452 3189 et
466 3123 579 3208 Tywe,
595 3143 669 3206 quse
683 3122 753 3185 fuit
767 3143 853 3186 uxor
874 3121 1010 3208 Ricardi
1028 3123 1141 3201 Baret,
1157 3123 1288 3209 injuste
1309 3127 1345 3189 et
1359 3125 1432 3192 sine

280 3213 409 3301 judioio
440 3210 699 3275 disseisiverunt
730 3209 902 3275 Simonem
931 3209 1037 3274 filium
1068 3210 1224 3275 Waldevi
1254 3213 1295 3277 de
1324 3211 1432 3278 libero

284 3302 480 3369 tenemento
511 3318 572 3362 suo
597 3296 633 3359 in
664 3295 853 3381 (lorbrigg’,
876 3301 955 3381 post
983 3297 1138 3383 primam,
1162 3301 1227 3364 eto.
1272 3299 1318 3363 llt
1341 3300 1431 3366 unde

285 3388 439 3474 queritur
461 3384 551 3469 quod
573 3382 829 3448 disseisiverunt
844 3405 922 3448 eum
947 3384 989 3449 de
1004 3405 1073 3450 uno
1096 3385 1288 3471 messuagio
1303 3390 1339 3451 et
1353 3391 1430 3453 octo

285 3474 371 3542 aeris
396 3477 494 3538 terrae
518 3491 595 3535 oum
618 3470 847 3556 pertinentiis.
892 3470 938 3534 llt
965 3471 1082 3537 Simon
1103 3471 1246 3557 Baysrd,
1263 3473 1366 3558 Hugo
1388 3474 1429 3542 do

284 3560 440 3640 Burton’,
470 3559 625 3644 Rogerus
654 3557 760 3621 Baret
788 3558 940 3639 veniunt,
970 3561 1006 3623 et
1034 3559 1180 3626 Isabella
1209 3563 1244 3625 et
1272 3560 1332 3625 alii
1361 3583 1430 3627 non

284 3650 439 3728 veniunt,
477 3647 530 3711 set
567 3644 704 3729 quidam
743 3645 860 3709 Simon
899 3644 1046 3730 Bayard,
1082 3646 1225 3712 ballivus
1262 3649 1430 3732 praediotae

284 3735 448 3814 Isabellae,
484 3733 578 3796 venit
618 3735 653 3798 et
689 3732 866 3816 respondit
904 3753 965 3818 pro
1002 3753 1043 3798 ea
1082 3735 1118 3798 et
1154 3733 1309 3800 omnibus
1342 3735 1429 3815 aliis,

283 3828 406 3912 praeter
441 3819 640 3906 pradictum
677 3819 849 3904 Rogerum
885 3819 999 3900 Baret,
1029 3824 1065 3887 et
1101 3819 1185 3886 dicit
1222 3824 1309 3906 quod
1347 3845 1429 3908 prae·

284 3913 396 3977 dictus
412 3908 529 3972 Simon
545 3905 635 3972 filius
645 3904 802 3972 Waldevi
817 3906 1089 3992 aliquotempore
1104 3906 1217 3973 tenuit
1230 3910 1430 3994 praediotum

283 3998 519 4065 tenementum
534 3993 572 4056 in
586 3991 778 4078 villenagio,
794 3995 830 4058 et
845 3994 1034 4078 dicitquod
1053 3994 1143 4060 idem
1161 3996 1276 4061 Simon
1291 3998 1430 4083 negavit

284 4083 454 4173 praediotse
468 4079 632 4160 Isabellae,
649 4079 789 4166 oapitsli
810 4079 954 4146 dominoe
968 4081 1063 4148 feodi
1083 4082 1187 4164 illius,
1203 4084 1342 4148 servitia
1357 4106 1430 4169 quae

316 4265 838 4333 ¹800N0wmimrercmrtunry,pp.m
887 4268 1430 4336 agsdsyoerandshslf(0al.oa.,i.2o).

285 4337 389 4390 snd23.
888 4335 1430 4403 [lhewardshipandmnrriageoftheheir

317 4399 504 4465 'Inquisition
535 4399 602 4452 niter
629 4399 675 4452 the
702 4399 781 4452 death
809 4401 837 4452 of
887 4404 915 4453 ol
926 4403 1110 4468 Rogersouol
1121 4404 1194 4456 John
1205 4403 1431 4470 grantedtoWil-

286 4471 375 4535 Roget
402 4481 448 4517 sou
477 4466 506 4518 ol
533 4467 605 4519 John
633 4467 713 4518 taken
746 4468 774 4518 in
802 4472 835 4519 33
886 4468 947 4520 liam
958 4471 990 4520 de
1001 4469 1113 4524 Valente
1124 4474 1190 4524 1249
1198 4473 1430 4544 (namucno,

285 4537 357 4591 Hor.
377 4533 444 4597 111..
465 4531 565 4586 Robert
584 4532 626 4587 his
642 4548 689 4585 son
708 4535 761 4587 and
777 4534 836 4588 heir
885 4535 1050 4602 natine).
