3272 5092
407 525 522 572 assrzn
539 524 635 586 sonu,
659 522 996 583 remuneramur,
1022 501 1040 568 7
1064 521 1151 567 unu.
1174 521 1199 566 1.
1320 497 1383 563 249

236 680 419 760 moniatur,
435 684 497 745 etc.
535 679 558 744 J
559 678 721 759 udicium,
737 677 946 742 attachietnr
966 676 1055 761 quod
1067 677 1113 740 sit
1130 675 1221 760 apud
1237 673 1391 760 Appelby

235 768 458 921 ildoiiiatu
476 765 791 832 Westmerelandiae
815 787 835 831 a
858 765 912 830 die
939 764 1078 830 Pascha
1101 764 1136 826 in
1164 783 1271 827 unum
1295 783 1388 881 rnen·

312 905 322 936 ,
396 903 404 920 .

301 1008 502 1094 Radulphus
517 1009 559 1073 de
575 1006 687 1073 Ootun
711 1007 937 1072 summonitus
960 1007 1031 1070 fuit
1053 1008 1097 1071 ad
1119 1006 1390 1092 respondendum

240 1096 425 1181 Stephano,
448 1116 602 1180 parsonae
617 1095 658 1159 de
674 1094 815 1160 ecclesia
837 1095 879 1160 de
900 1094 1062 1174 Midrord,
1088 1094 1129 1160 de
1155 1094 1282 1180 placito
1303 1093 1393 1178 quod

238 1182 359 1248 reddat
381 1182 412 1247 ei
428 1183 677 1268 quinquaginta
692 1187 727 1247 et
744 1183 874 1267 septem
888 1181 931 1245 m'
947 1203 1031 1266 quas
1052 1180 1084 1246 ei
1099 1182 1199 1248 debet
1214 1185 1249 1246 et
1264 1181 1391 1267 injuste

241 1269 386 1350 detinet,
403 1281 466 1335 etc.

305 1357 352 1421 Et
382 1355 581 1442 Radulphus
607 1356 701 1423 venit
727 1359 764 1421 et
794 1355 990 1422 concordati
1017 1359 1099 1420 sunt
1122 1377 1182 1441 per
1204 1356 1391 1422 licentiam.

240 1444 287 1508 rt
301 1443 503 1529 Radulphus
518 1444 579 1508 dat
595 1465 698 1508 unam
712 1443 755 1506 (η’
770 1464 831 1528 pro
845 1443 985 1508 licentia
999 1443 1235 1509 concordandi.
1281 1444 1327 1507 Et
1342 1446 1393 1510 est

242 1531 422 1597 concordia
444 1531 524 1596 talis
549 1530 638 1615 quod
663 1530 845 1617 praedictus
870 1530 1073 1615 Radulphus
1104 1529 1278 1615 cognoscit
1305 1530 1393 1614 quod

241 1618 342 1685 debet
356 1618 516 1704 praedicto
534 1619 706 1703 Stephano
723 1617 845 1704 viginti
861 1623 896 1683 et
910 1618 1058 1702 quinque
1073 1617 1128 1697 m',
1138 1638 1222 1701 quas
1237 1617 1268 1684 ei
1284 1616 1392 1682 solvet

241 1706 286 1770 ad
311 1705 534 1773 Pentecosten
562 1706 627 1770 hoc
652 1727 752 1770 anuo.
798 1706 844 1769 Et
872 1705 938 1770 nisi
965 1703 1096 1779 fecerit,
1122 1704 1278 1769 concedit
1301 1703 1391 1787 quod

243 1794 425 1859 vicecomes
441 1793 549 1858 faciat
567 1793 608 1859 de
631 1793 730 1857 terris
757 1799 791 1857 et
817 1791 948 1856 catallis
972 1792 1053 1870 suis,
1071 1796 1133 1856 etc.
1180 1792 1226 1854 Et
1240 1813 1301 1876 pro
1317 1793 1392 1871 hac,

242 1884 318 1959 etc,
343 1880 524 1965 praedictus
550 1880 744 1964 Stephanus
772 1879 901 1944 remisit
924 1879 1084 1964 praedicto
1110 1878 1292 1964 Radulpho
1307 1879 1391 1943 resi-

242 1967 347 2032 duum
371 1967 524 2053 praedicti
550 1967 667 2047 debiti,
684 1971 720 2030 et
743 1966 899 2030 similiter
924 1966 1071 2050 dampna
1094 1987 1167 2050 quae
1194 1966 1329 2030 dicebat
1356 1987 1392 2030 se

241 2054 400 2121 habuisse
415 2054 590 2120 occasione
606 2053 813 2119 detentionis
829 2052 981 2138 praedicti
997 2053 1114 2133 debiti,
1132 2057 1196 2118 etc.

305 2234 479 2300 Johannes
516 2235 558 2299 de
595 2229 854 2319 Wederington¹
892 2234 1118 2299 summonitus
1154 2235 1225 2299 fuit
1261 2235 1305 2299 ad
1342 2255 1393 2299 re-

242 2321 474 2407 spondendum
505 2322 674 2406 Magistro
704 2321 840 2386 Thema
877 2321 918 2386 de
956 2321 1176 2406 Sudington,²
1214 2321 1392 2402 Clementi,

242 2409 368 2475 vicario
383 2409 530 2474 ecclesiae
545 2409 586 2473 de
602 2408 747 2488 Ashton,
763 2413 798 2472 11
820 2408 954 2492 Rogero
970 2409 1011 2473 de
1028 2408 1189 2493 Wrytele,
1206 2409 1393 2474 executori-

241 2495 304 2560 bus
319 2497 510 2561 testimenti
524 2495 608 2560 Adue
631 2495 673 2559 de
697 2495 849 2581 Pyriton,
866 2496 907 2559 de
933 2495 1060 2580 placito
1086 2498 1176 2580 quod
1200 2497 1321 2561 reddat
1344 2496 1393 2562 eis

243 2583 445 2649 rationabile
472 2603 547 2648 com
572 2587 668 2647 otum
693 2603 790 2646 suum
816 2583 857 2646 dc
879 2586 1031 2667 tempore
1061 2603 1127 2666 quo
1153 2583 1223 2647 fuit
1248 2583 1393 2649 ballivus

243 2670 351 2756 ipsius
366 2670 450 2734 Adae
465 2670 501 2733 in
517 2605 693 2755 Elington,
708 2674 772 2735 etc.

309 2758 355 2821 Et
368 2757 545 2822 Johannes
559 2757 653 2823 venit
668 2760 705 2820 et
719 2756 914 2821 concordati
934 2762 1015 2822 sunt
1037 2779 1097 2841 per
1118 2756 1302 2822 licentiam.
1348 2759 1394 2822 Et

245 2849 299 2909 est
314 2844 494 2910 concordia
509 2843 589 2909 talis
605 2843 693 2928 quod
718 2842 900 2929 pradictus
926 2843 948 2908 J
950 2844 1100 2910 ohannes
1116 2845 1291 2929 cognoscit
1306 2845 1394 2929 quod

244 2933 344 2999 debet
358 2931 528 3017 praedictis
552 2931 785 2997 executoribus
812 2931 1011 3015 quindecem
1032 2932 1088 3011 m',
1104 2933 1194 2997 unde
1216 2932 1324 2999 solvet
1346 2934 1394 3000 eis

245 3019 463 3086 medietatem
479 3019 569 3104 apud
585 3019 773 3084 Eboracum
788 3018 824 3081 in
839 3017 978 3083 Octubis
992 3021 1124 3083 Sanctae
1136 3019 1315 3085 Trinitatis
1331 3021 1396 3087 hoc

246 3127 347 3181 ann0,
374 3110 410 3173 et
439 3106 581 3170 alteram
619 3106 835 3172 medietatem
873 3106 916 3170 ad
945 3106 1074 3170 festum
1105 3107 1222 3171 Sancti
1253 3109 1395 3172 Martini

245 3193 403 3345 {mentiturol
414 3214 568 3345 settlgrens.
603 3193 659 3343 tEt
684 3192 908 3344 ffifeoelil’
925 3192 1084 3345 cimelii
1105 3195 1198 3345 quor}
1210 3194 1395 3347 vicecomes

262 3302 336 3347 acra
405 3301 423 3346 e
490 3301 602 3347 rrrse
652 3301 692 3344 ca
755 3301 784 3344 rs
815 3301 885 3344 suis
927 3301 992 3344 ec.
1137 3303 1276 3346 raeerea
1305 3304 1394 3347 rem

245 3368 267 3432 J
269 3369 419 3434 ohannes
435 3367 636 3454 congnoscit
653 3367 751 3451 quod,
767 3367 847 3450 quia
861 3329 933 3452 iIise
956 3367 1088 3432 diversa
1110 3303 1198 3433 liena
1212 3372 1248 3435 et
1264 3369 1396 3452 catalla,

246 3476 319 3539 quae
344 3455 487 3520 fuerunt
511 3453 666 3539 praedicti
694 3453 849 3520 defuncti
884 3475 926 3521 ex
960 3460 1127 3540 precepto
1157 3456 1394 3542 praedictorum

246 3546 475 3622 executurum,
486 3540 650 3621 vendidit,
666 3541 755 3607 unde
765 3541 870 3606 nichil
882 3543 1020 3626 recepit,
1030 3543 1120 3626 quod
1133 3543 1216 3628 ipse,
1229 3550 1395 3628 quantum

245 3629 371 3714 inipso
386 3632 448 3710 est,
465 3629 642 3713 adjurabit
657 3628 835 3714 praedictos
851 3632 1044 3696 executores
1067 3631 1112 3695 ad
1133 3631 1395 3716 perquirendum

245 3716 406 3801 praedicta
422 3716 538 3781 debita
551 3716 592 3783 (11
618 3715 686 3781 illis
712 3715 834 3800 quibus
859 3716 1021 3802 praedicta
1040 3717 1165 3783 catalla
1187 3720 1338 3784 vendidit
1362 3725 1397 3786 et

246 3803 322 3869 illos
348 3803 428 3868 inde
454 3823 638 3889 proposse
668 3823 729 3868 suo
760 3803 924 3881 onerabit,
950 3809 1013 3869 etc.
1059 3805 1106 3869 Et
1129 3827 1190 3891 pro
1216 3806 1290 3885 hac,
1319 3811 1396 3888 eta,

246 3890 401 3976 praedicti
430 3896 626 3956 executores
663 3890 867 3955 remiserunt
896 3890 1058 3976 praedicto
1092 3891 1245 3958 Johanni
1279 3895 1394 3960 omnia

246 3979 404 4063 dampna,
417 4000 490 4064 quae
505 3977 665 4044 dicebant
681 3997 716 4043 se
726 3977 885 4042 habuisse
895 3980 1069 4044 occasione
1081 3981 1233 4065 praedicti
1249 3982 1397 4067 compoti

247 4086 317 4131 non
331 4064 470 4146 redditi,
487 4068 550 4131 etc.

311 4220 431 4286 Assisa
445 4220 539 4285 venit
561 4221 778 4306 recognitura
793 4221 823 4286 si
838 4218 1031 4286 Willelmus
1054 4222 1141 4287 filius
1163 4223 1338 4310 Radulphi
1353 4225 1395 4291 de

281 4403 290 4436 ¹
307 4405 380 4457 John
391 4403 423 4457 de
438 4405 629 4470 Woderington
640 4403 795 4457 1111111101
879 4403 890 4436 ²
906 4405 1017 4461 Thomas
1027 4407 1060 4459 de
1079 4407 1232 4474 Sudington,
1249 4408 1301 4461 lete
1312 4411 1397 4476 “por-

248 4471 482 4537 goodsinDentcn
499 4471 540 4524 lor
554 4470 751 4538 subsidylevisd
768 4471 795 4523 in
845 4473 996 4525 tionarius”
1017 4474 1046 4526 in
1068 4474 1113 4526 the
1133 4475 1230 4527 churoh
1257 4476 1285 4526 ol
1312 4475 1398 4544 Iang-

251 4543 284 4591 24
295 4537 369 4592 1111.
380 4539 404 4591 Ι.
419 4539 488 4606 (Lay
501 4540 620 4605 8111111,
632 4541 728 4601 res-1).
846 4539 929 4602 cestr’,
939 4539 1002 4592 dead
1012 4545 1077 4594 1³12
1088 4543 1197 4604 (Kalhu
1210 4544 1279 4608 Boc,
1292 4543 1320 4595 ii.
1329 4549 1399 4607 850).
