3280 5112
265 492 308 554 40
417 509 530 554 sssrzn
553 509 651 567 nonu,
676 509 1013 568 noarnuusnsnsun,
1036 489 1079 552 lo
1102 509 1185 551 nnn.
1210 508 1264 550 111.

336 664 383 728 nt
399 664 516 728 Simon
532 664 678 728 renitet
701 663 858 730 defendit
881 662 950 727 vim
966 667 1002 727 et
1015 661 1178 747 injuriam
1193 659 1340 744 quando,
1357 660 1421 724 etc.

270 752 317 816 nt
342 750 428 817 bene
453 750 631 836 cognoscit
655 751 744 834 quod
770 751 874 815 habet
894 749 1093 834 praedictam
1118 751 1249 813 cartam
1264 746 1324 812 sed
1339 743 1424 810 dicit

270 838 359 923 quod
376 839 419 903 ad
435 837 574 902 ultimas
589 837 714 902 assisas
728 838 786 902 hic
805 843 1009 903 conventum
1029 837 1127 921 [fuit]
1148 835 1240 902 inter
1254 834 1424 898 Abbatem

271 926 313 991 de
327 924 492 1010 Alnewylr
519 929 554 990 et
580 924 691 1008 ipsum
719 925 892 989 Simonem
914 925 1021 987 lilium
1035 922 1213 988 Valentini
1229 921 1319 1005 quod
1334 919 1424 1002 idern

270 1012 385 1077 Abbas
397 1013 495 1076 daret
507 1012 614 1076 eidem
630 1011 759 1076 Simoni
776 1017 845 1076 tres
859 1012 1001 1076 bovatas
1011 1015 1110 1075 terrae
1121 1031 1199 1075 cum
1209 1006 1425 1093 pertinentiis

271 1100 309 1162 in
533 1101 545 1142 ¹
561 1119 621 1183 pro
637 1099 715 1163 aliis
731 1099 841 1164 tribus
857 1099 990 1164 bovntis
1005 1104 1105 1163 terroe
1120 1117 1205 1182 quas
1217 1095 1312 1181 prius
1328 1095 1369 1160 de
1385 1112 1424 1157 eo

270 1186 395 1266 tenuit,
406 1189 442 1250 et
456 1205 517 1270 per
532 1205 710 1250 assensum
722 1187 918 1250 eorumdem
926 1185 1072 1250 Abbatis
1085 1189 1120 1249 et
1134 1183 1281 1249 Simonis
1289 1180 1425 1260 ¹tradita

270 1274 379 1338 fuerit
409 1273 519 1339 eidem
550 1273 681 1337 Simoni
714 1273 756 1338 de
790 1274 899 1338 Lucre
934 1272 1157 1339 custodienda
1187 1275 1223 1335 et
1254 1268 1425 1336 reddenda

270 1360 381 1426 eidem
395 1381 498 1444 qnam
513 1359 582 1425 cito
594 1360 685 1426 idem
699 1360 815 1425 Abbss
835 1361 983 1427 leofarct
1008 1361 1126 1444 ipsum·
1146 1357 1228 1423 alibi
1249 1357 1291 1424 de
1316 1355 1426 1421 tribus

271 1447 404 1512 bovatis
420 1452 529 1512 terrae.
575 1447 621 1513 Et
635 1447 721 1512 dicit
736 1447 826 1531 quod
840 1448 992 1512 nondum
1013 1450 1149 1513 constat
1164 1447 1196 1510 ei
1211 1448 1327 1508 utrum
1342 1464 1425 1528 prae·

273 1534 385 1599 dictus
399 1535 515 1600 Abbas
531 1534 614 1599 alibi
629 1534 725 1600 dedit
740 1534 771 1599 ei
787 1534 997 1600 excambium
1008 1556 1071 1619 pro
1081 1533 1245 1618 praedicta
1256 1536 1359 1611 terra,
1374 1527 1426 1596 vel

273 1643 352 1689 non.
397 1622 444 1685 nt
467 1625 609 1722 paratus
635 1625 688 1687 est
713 1622 854 1686 reddere
868 1622 1067 1706 praedictam
1081 1625 1213 1686 cartam
1228 1618 1426 1702 cuicumque

273 1709 368 1773 curia
388 1709 493 1793 Regis
517 1708 710 1776 consideret
732 1729 804 1775 esse
827 1710 1045 1788 reddendam,
1062 1709 1121 1772 sed
1144 1705 1335 1790 dicitquod
1357 1725 1426 1768 non

272 1796 378 1861 habet
393 1799 524 1860 cartam
538 1795 633 1860 illam
642 1796 709 1860 hic.
754 1797 838 1862 Ideo
849 1797 980 1861 dictum
996 1802 1048 1861 est
1063 1796 1196 1880 siquod
1210 1795 1336 1859 habent
1351 1812 1426 1856 eam

274 1883 329 1946 die
344 1883 367 1948 J
368 1883 451 1963 ovis,
464 1887 529 1948 etc.
575 1883 631 1946 Ad
645 1883 736 1948 diem
748 1883 846 1947 illum
857 1884 1002 1968 protulit
1012 1883 1194 1968 pradictus
1212 1882 1328 1945 Simon
1342 1900 1426 1964 prae-

273 1969 402 2035 dictam
413 1973 544 2035 cartam
554 1972 589 2033 et
599 1969 764 2036 liberatur
772 1971 934 2056 praedicto
945 1970 1075 2036 Simoni
1085 1969 1156 2033 filio
1162 1967 1351 2048 Valentini,
1361 1971 1425 2031 etc.

340 2126 488 2190 Thomas
512 2125 554 2190 de
577 2124 749 2189 Haliwell'
765 2125 993 2190 summonitus
1008 2124 1079 2188 fuit
1095 2124 1139 2188 ad
1153 2122 1428 2207 respondendum

274 2213 458 2298 Ranulpho
474 2211 677 2278 Grindelove
700 2217 735 2277 et
756 2212 891 2278 Idoneae
914 2211 1013 2276 uxori
1036 2213 1109 2296 ejus
1130 2211 1172 2277 de
1192 2210 1319 2294 placito
1339 2209 1428 2294 quod

274 2305 393 2366 teneat
431 2300 690 2365 conventionem
730 2301 858 2364 factam
889 2299 980 2363 inter
1009 2301 1154 2364 eundem
1192 2298 1356 2363 Thomam
1393 2299 1429 2361 et

274 2389 447 2472 Agnetcm
461 2387 503 2450 de
519 2385 689 2466 Haliwell‚
706 2391 850 2451 matrem
861 2386 1031 2471 praediotae
1047 2386 1183 2450 Idoneae
1198 2388 1233 2451 et
1247 2382 1429 2448 Matillidis

277 2474 401 2539 sororis
425 2473 577 2557 ejusdem
599 2473 745 2554 Idoneae,
761 2476 856 2559 cujus
871 2474 1012 2540 heredes
1028 2472 1109 2558 ipsae
1131 2476 1223 2552 sunt,
1239 2473 1281 2536 de
1296 2471 1428 2535 duabus

274 2561 408 2626 bovatis
435 2564 546 2639 terrae,
572 2560 722 2645 exceptis
749 2581 809 2626 sex
834 2561 922 2626 acris
945 2565 1045 2626 terrae
1065 2580 1141 2624 cum
1157 2558 1376 2644 pertinentiis
1390 2558 1429 2621 in

276 2645 474 2726 Haliwell'‚⁹
490 2650 554 2712 etc.

342 2735 389 2798 Et
412 2735 559 2799 Thomas
585 2734 680 2799 venit
707 2738 742 2800 et
765 2734 960 2801 concordati
983 2738 1074 2799 sunt.
1130 2735 1178 2797 Et
1200 2733 1347 2798 Thomas
1371 2732 1431 2796 dat

277 2820 455 2887 dimidiam
478 2821 521 2884 m'
536 2842 599 2906 pro
622 2821 764 2887 licentia
790 2822 1016 2888 concordandi
1038 2843 1100 2906 per
1113 2820 1263 2906 plegium
1281 2819 1429 2884 Simonis

277 2910 319 2974 ds
334 2908 515 2973 Haliwell'.
561 2910 607 2973 nt
623 2913 676 2974 est
695 2910 877 2974 concordia
899 2909 981 2973 talis
996 2909 1086 2992 quod
1101 2909 1284 2993 praedictus
1299 2906 1430 2971 Ranul-

276 2997 366 3082 phns
382 2998 418 3060 et
433 2995 563 3060 Idonea
578 2996 763 3061 remittunt
777 3017 840 3082 pro
856 3017 892 3062 se
907 2999 943 3060 et
960 2995 1143 3060 heredibus
1159 2993 1266 3080 ipsius
1283 2995 1431 3073 Idoneae,

277 3083 440 3169 praedioto
464 3082 603 3148 Thomae
628 3087 664 3148 et
690 3084 871 3149 heredibus
894 3084 975 3162 suis,
998 3087 1111 3148 totum
1134 3083 1191 3166 jus
1212 3086 1248 3147 et
1272 3081 1432 3147 clamium

279 3170 370 3254 quod
384 3170 580 3236 habuerunt
595 3170 631 3232 in
649 3192 717 3234 una
733 3171 919 3236 earundem
935 3171 1134 3234 bovatarum
1149 3173 1248 3234 terrae
1264 3169 1308 3233 ad
1322 3168 1432 3253 ipsam

279 3257 444 3321 Idoneam
473 3277 534 3340 per
562 3257 759 3343 praedictam
789 3258 1047 3323 conventionem
1084 3255 1342 3341 pertinentium,
1373 3276 1435 3340 pro

280 3344 431 3409 decems'
463 3364 545 3426 quos
578 3345 668 3410 idem
692 3343 839 3409 Thomas
865 3345 961 3410 dabit
984 3366 1004 3408 a
1028 3344 1082 3410 die
1105 3343 1245 3409 Paschae
1267 3343 1304 3407 in
1327 3365 1435 3408 unum

280 3451 432 3496 mensem
456 3452 546 3495 anno
570 3431 629 3512 11⁰,
653 3435 688 3497 et
714 3431 782 3496 nisi
806 3431 928 3497 fecerit
952 3432 1109 3497 concedit
1135 3431 1226 3515 quod
1251 3431 1435 3495 vicecomes

280 3517 389 3582 faciat
414 3518 457 3582 ds
479 3517 590 3598 terris,
607 3522 672 3583 etc.
724 3519 772 3582 Et
796 3519 970 3584 sciendum
994 3519 1084 3602 quod
1105 3518 1267 3603 praedicta
1289 3517 1436 3583 Matillis

282 3626 377 3672 soror
392 3605 499 3690 ipsius
515 3603 650 3670 Idoneae
665 3626 734 3671 non
751 3606 905 3690 sequitur
919 3627 981 3690 pro
995 3609 1093 3691 parte
1109 3626 1181 3684 sua,
1197 3608 1261 3670 etc.

347 3751 458 3814 Adam
482 3751 524 3815 de
549 3751 724 3818 Doxeford
748 3752 979 3817 summonitus
1004 3751 1075 3816 fuit
1100 3751 1144 3816 ad
1164 3751 1437 3836 respondendum

282 3837 430 3902 Ricardo
446 3837 487 3902 de
502 3839 678 3903 Doxeford
693 3840 735 3903 de
750 3838 879 3924 placito
889 3840 980 3923 quod
994 3839 1176 3924 permittat
1184 3839 1296 3923 ipsum
1312 3838 1437 3902 habere

282 3925 425 3989 liberam
441 3924 626 3990 multuram
647 3925 689 3990 ad
714 3927 947 3993 molendinum
970 3925 1077 4011 ipsius
1092 3926 1176 3990 Adae
1193 3926 1234 3992 de
1252 3925 1436 4005 Doxeford‚

283 4013 372 4077 sicut
398 4012 523 4077 habere
548 4012 650 4078 debet
676 4018 711 4078 et
737 4014 833 4078 solet.
879 4015 926 4077 Et
951 4014 1041 4080 unde
1065 4012 1247 4098 praedictus
1269 4013 1437 4077 Ricardus

283 4099 437 4184 queritur
461 4098 550 4183 quod
577 4120 653 4164 curn
680 4100 752 4184 ipse
782 4100 908 4166 inisset
934 4101 971 4164 in
1001 4100 1126 4165 seisina
1156 4099 1304 4165 molendi
1333 4099 1438 4164 libere

282 4186 384 4252 blada
400 4207 462 4249 sua
477 4186 513 4248 in
530 4186 705 4251 Doxeford
720 4187 764 4250 ad
775 4188 976 4272 pradictum
988 4187 1219 4253 molendinum
1231 4209 1272 4254 ex
1284 4187 1437 4270 assingn-

283 4273 378 4338 tione
418 4271 595 4356 cujusdem
626 4273 790 4339 Willelmi
820 4276 861 4340 de
895 4275 1081 4356 Doxeford,
1112 4275 1167 4339 cui
1201 4274 1291 4339 idem
1321 4273 1434 4338 Adam

318 4434 327 4468 ²
344 4435 429 4487 Blank
440 4435 470 4487 in
481 4434 599 4502 original.
884 4435 1072 4558 vVzrldlolyuell
1088 4437 1117 4489 in
1139 4437 1202 4490 Idnst
1216 4437 1334 4490 Division
1350 4437 1437 4491 Oastls
