3264 5110
260 528 324 595 334
433 551 547 596 asama
569 551 669 612 nonu,
691 551 1034 616 soarnnrrnuaunn,
1060 533 1077 598 7
1102 555 1189 602 unu.
1212 557 1236 602 1.

259 703 403 770 Roubiri
423 703 482 770 nbi
502 705 601 771 liberi
617 705 828 773 sokemannii
843 709 884 774 (19
899 708 1041 774 Ronbir’
1058 709 1309 778 communicare
1331 711 1414 780 solc-

259 793 345 858 baut
377 813 455 858 cum
484 793 687 860 omnimodis
718 796 839 862 averiis
872 797 943 862 suis
972 817 1034 883 per
1062 801 1175 863 totum
1201 819 1342 880 annum,
1366 800 1410 864 ad

260 879 444 964 dampnum
460 879 622 965 ipsorum,
639 887 704 948 etc.
750 883 832 948 Ideo
851 885 934 966 (sic),

324 967 412 1032 Item
449 967 569 1033 dicunt
608 969 699 1053 quod
732 970 822 1035 idem
858 970 1029 1036 Robertus
1058 971 1154 1038 dedit
1188 993 1342 1058 personae
1371 975 1412 1039 (19

128 1064 131 1072 “
257 1053 398 1118 Roubir³
425 1075 483 1120 sex
508 1077 603 1120 acras
628 1057 817 1122 communis
841 1061 988 1143 pasturae
1014 1060 1058 1124 ad
1083 1059 1281 1126 faciendum
1305 1082 1412 1126 unum

256 1162 406 1228 parcum,
424 1148 463 1207 ut
477 1141 566 1207 idem
583 1142 752 1209 Itobertus
772 1145 881 1230 possit
904 1145 1029 1230 absque
1045 1145 1241 1234 calumpnia
1262 1149 1413 1233 ejusdem

243 1249 421 1315 parsonae,
437 1229 635 1316 pradictum
651 1251 790 1316 parcum
806 1231 989 1298 includere.

322 1388 374 1453 De
390 1387 438 1472 xij
455 1387 626 1473 juratores
642 1387 684 1452 da
698 1387 767 1454 fine
778 1407 839 1475 pro
855 1409 891 1453 sc
907 1390 943 1454 et
958 1392 1034 1454 tota
1048 1388 1168 1456 villata
1182 1411 1244 1477 pro
1260 1389 1412 1457 concele-

256 1477 372 1541 mento
387 1479 423 1540 ct
438 1475 514 1540 aliis
530 1475 861 1559 transgressionibus
877 1473 958 1542 xls’.

448 1702 603 1768 Vrnnsra
626 1721 672 1765 nn
694 1703 863 1766 Ansuvvnr
885 1721 989 1766 vuum
1011 1721 1077 1766 rna
1099 1699 1205 1770 ursin.

318 1842 429 1907 Adam
452 1841 493 1906 de
515 1839 726 1927 Pegeleshou
747 1839 863 1924 posuit
883 1859 920 1904 sc
945 1838 982 1902 iu
1006 1837 1182 1905 ecclesiam
1198 1838 1240 1904 (19
1255 1839 1410 1905 Alnevvilr

253 1933 289 1998 91
315 1927 473 2015 cognovit
500 1948 536 1993 se
563 1947 635 1992 esse
661 1927 828 1992 latronem
859 1931 897 1991 et
924 1927 1094 2011 abjuravit
1122 1948 1267 2012 reguum
1296 1948 1409 1993 coram

253 2022 461 2084 coronatore.
507 2013 641 2080 Catella
663 2015 735 2099 ejus
758 2013 818 2098 viij
831 2013 875 2094 d',
891 2012 982 2078 unde
997 2012 1180 2081 vicecomes
1195 2015 1408 2100 respondeat.

253 2105 299 2169 Et
314 2103 362 2189 xij
376 2105 547 2189 juratores
568 2101 698 2166 nullum
721 2101 879 2166 iecerunt
901 2101 1108 2166 mentionem
1131 2102 1173 2166 (19
1194 2100 1409 2187 abjuratione

252 2191 414 2278 predicta
429 2191 466 2254 iu
481 2188 650 2255 veredicto
666 2209 739 2269 suo,
755 2188 831 2254 ideo
847 2189 884 2252 in
899 2188 987 2255 mis'.

319 2355 435 2421 Simon
451 2355 493 2421 de
510 2353 625 2420 Scotia
644 2357 764 2438 captus
787 2355 823 2416 91
844 2351 1079 2437 inprisonatus
1101 2351 1173 2416 init
1195 2353 1284 2437 apud
1305 2351 1408 2419 Aluc-

251 2444 338 2510 vviclr
353 2463 414 2529 pro
430 2441 575 2528 quodam
587 2441 742 2526 jumento
754 2439 881 2519 furato,
895 2443 931 2503 et
942 2441 1061 2523 postea
1073 2442 1255 2504 noctanter
1268 2441 1408 2506 eandem

251 2532 422 2618 prisonem
433 2528 540 2612 fregit
549 2530 584 2594 et
594 2527 759 2612 quendam
771 2524 1407 2611 Robertum,janitoremdicticastri,et

252 2619 424 2684 Andream
439 2615 672 2681 Triturantem
688 2614 724 2677 in
740 2613 857 2679 eodem
873 2617 984 2679 castro
999 2613 1125 2678 occidit
1140 2616 1175 2677 91
1192 2614 1282 2700 cepit
1297 2615 1407 2681 claves

251 2719 358 2792 portae
373 2703 488 2783 castri,
504 2702 646 2767 eandem
661 2705 794 2786 portam
818 2700 983 2785 aperiens,
1005 2699 1100 2785 iugit
1114 2699 1157 2764 ad
1174 2701 1349 2767 ecclesiam
1365 2702 1406 2767 (19

250 2791 425 2858 Alnewick
449 2795 485 2856 et
509 2788 557 2854 ibi
582 2788 741 2874 cognovit
763 2788 896 2852 factum
921 2809 1018 2852 suum
1042 2793 1078 2853 et
1100 2787 1272 2872 abjuravit
1294 2809 1406 2855 coram

250 2883 460 2947 coronatore.
505 2878 551 2941 Et
570 2876 740 2961 juratores
764 2877 938 2941 testantur
960 2873 1049 2958 qnod
1071 2877 1222 2940 castrum
1244 2875 1330 2940 illud
1354 2880 1408 2942 est

249 2969 272 3032 J
273 2967 420 3032 ohannis
435 2965 478 3030 (19
496 2965 628 3049 Wescy,
643 2962 719 3027 ideo
735 2962 778 3027 ad
790 2961 958 3046 judicium
980 2962 1021 3027 do
1040 2962 1196 3027 evasione
1211 2979 1311 3048 super
1324 2985 1408 3050 prae-

249 3055 379 3121 ‹lictum
408 3053 609 3118 lohanncm.
656 3049 790 3114 Ostalla
815 3048 968 3134 praedicti
996 3048 1144 3114 Simonis
1167 3049 1294 3135 xiiijd’,
1315 3050 1407 3117 unde

249 3143 433 3208 vicecomes
449 3137 663 3223 respondeat.
709 3137 756 3199 Et
770 3135 815 3221 xij
829 3137 998 3220 juratores
1022 3135 1281 3203 concelaverunt
1301 3159 1406 3222 quan·

249 3230 326 3294 dam
343 3234 473 3313 partem
491 3224 689 3291 catellorum
705 3223 953 3308 praedictorum,
969 3223 1046 3290 ideo
1061 3223 1097 3287 iu
1112 3223 1200 3290 mis'.

313 3375 504 3440 Willelmus
520 3371 609 3437 filius
626 3369 775 3436 Simonis
791 3369 832 3435 (19
855 3369 1031 3436 Alnevvick
1054 3369 1178 3434 cecidit
1201 3370 1236 3434 in
1262 3369 1406 3455 quodam

246 3464 385 3551 plumbo
400 3462 500 3548 pleno
515 3460 640 3525 bersas¹
659 3458 769 3523 calido
784 3460 820 3524 ct
835 3456 1060 3522 scaturicatus
1071 3456 1141 3521 fuit
1156 3456 1207 3521 ita
1222 3458 1311 3542 quod
1325 3457 1405 3525 inde

247 3551 344 3616 obiit.
389 3548 515 3614 Nullus
539 3546 620 3611 iude
647 3544 897 3611 malecrcditur.
952 3543 1136 3624 iudicium,
1163 3543 1403 3612 intortunium.

246 3639 402 3706 Precium
418 3634 548 3722 plumbi
563 3633 615 3719 iiij
629 3633 666 3714 s',
683 3632 774 3698 unde
789 3631 974 3697 vicecomes
989 3631 1204 3718 respoudeat.

311 3793 362 3858 De
373 3791 462 3858 vinis
474 3788 632 3868 venditis,
649 3792 725 3866 ato,
737 3786 858 3852 dicunt
870 3785 960 3939 Ἑποᾱ
971 3784 1162 3852 Willelmus
1174 3785 1206 3851 le
1217 3786 1402 3870 Messager,

244 3878 436 3946 Willelmus
452 3879 493 3943 de
510 3876 611 3956 Sarr',
635 3875 807 3940 Martinus
828 3873 859 3938 le
902 3872 995 3939 lerclr
1022 3873 1174 3937 vendunt
1192 3873 1272 3937 vina
1287 3878 1406 3939 contra

245 3969 399 4048 assisam,
415 3966 492 4031 ideo
508 3963 545 4029 in
560 3964 649 4028 mis'.

309 4124 361 4188 De
376 4124 514 4187 moneta
529 4124 565 4184 ct
580 4115 775 4197 excambiis,
796 4119 873 4195 eta,
890 4114 1010 4181 dicunt
1025 4115 1116 4200 quod
1132 4115 1287 4201 Rogems
1302 4111 1404 4179 Auri·

242 4213 352 4291 faber,
368 4209 492 4287 senior,
509 4211 544 4272 91
560 4207 715 4291 Rogerus
738 4203 932 4282 Aurifaber,
953 4203 1079 4288 junior,
1104 4202 1404 4268 excambiaverunt

242 4302 366 4366 bonam
398 4301 569 4361 monetam
598 4313 660 4378 pro
698 4289 955 4370 Brabreusibus,
993 4289 1080 4368 idco,
1117 4294 1181 4354 etc.
1241 4291 1330 4355 Sunt
1367 4289 1403 4352 in

242 4387 383 4474 prisona
398 4383 464 4449 hic.

243 4529 300 4649 Μ(
319 4529 394 4659 Sohip
403 4527 523 4593 original.
558 4523 783 4580 'lheroisauord
796 4521 992 4586 borealeatbor.
1028 4523 1142 4593 (Mopse
1159 4521 1403 4589 Duronum„

275 4611 343 4650 anca
369 4633 374 4648 .
