3278 5104
380 555 494 603 essrrn
515 555 615 618 aona,
638 555 974 618 normannorum,
999 536 1040 602 53
1062 557 1145 603 nnn.
1170 557 1223 603 111.
1318 534 1380 602 137

231 709 338 777 faciat
353 712 615 778 consuetudines
631 715 667 778 et
681 716 776 778 recta
795 711 944 792 servitia,
959 733 1033 797 quae
1049 713 1080 778 ei
1094 711 1208 779 facere
1223 711 1323 778 debet
1338 710 1380 776 de

229 798 337 864 libero
352 803 546 867 tenemento
565 821 626 866 suo
642 799 731 884 qnod
752 799 794 864 de
809 820 849 864 eo
864 803 960 866 tenet
979 798 1015 863 in
1037 799 1267 879 Edelintham,
1283 803 1322 863 nt
1343 798 1378 861 in

233 886 411 970 homagiis,
435 887 577 967 releviis,
604 890 640 952 et
669 887 758 967 aliis,
785 890 849 953 etc.
903 889 948 952 Et
971 888 1062 952 unde
1085 885 1170 951 dicit
1193 886 1281 970 quod
1305 907 1380 950 cum

232 973 410 1058 predictus
432 975 454 1040 J
456 976 607 1040 ohannes
628 978 724 1040 tenet
744 975 785 1041 de
805 974 879 1059 ipso
899 973 1052 1040 Waltero
1076 977 1231 1058 quartum
1248 977 1381 1058 partem

233 1061 375 1128 manerii
401 1061 442 1127 de
472 1062 702 1141 Edelintham,
726 1061 895 1127 reddendo
921 1062 1000 1127 inde
1025 1082 1085 1146 per
1114 1081 1243 1125 annum
1273 1061 1382 1125 eidem

233 1149 386 1212 Waltero
401 1170 506 1214 unum
520 1170 677 1228 marcam,
690 1153 725 1214 et
739 1148 896 1214 faciendo
912 1148 943 1214 ei
957 1148 1155 1234 homagium
1166 1152 1201 1213 et
1210 1147 1380 1228 relevium,

235 1242 270 1300 et
281 1236 324 1300 ad
335 1236 527 1322 scutagium
538 1236 666 1300 domini
681 1235 786 1320 Regis
802 1235 836 1298 xl
846 1237 884 1316 s',
900 1236 1034 1319 quando
1043 1234 1204 1316 evenerit,
1217 1236 1331 1300 decem
1343 1234 1381 1315 ε’,

235 1324 271 1386 et
285 1323 329 1386 ad
343 1322 429 1408 plus,
444 1323 532 1409 plus,
549 1327 584 1388 et
600 1323 643 1388 ad
658 1323 781 1403 minus,
797 1323 921 1402 minus,
937 1325 973 1387 e't
986 1323 1144 1388 faciendo
1165 1322 1196 1389 ei
1219 1321 1382 1387 auxilium

235 1408 278 1474 ad
307 1409 415 1474 filium
444 1432 543 1475 suum
572 1409 837 1495 primogenitum
866 1409 1009 1476 militem
1039 1409 1243 1490 faciendum,
1274 1413 1310 1474 et
1339 1410 1384 1474 ud

234 1496 339 1561 filiam
365 1518 460 1562 suam
489 1497 753 1583 primogenitam
777 1497 1015 1577 maritandam,
1040 1497 1091 1561 ita
1120 1497 1209 1581 quod
1238 1495 1382 1583 ipsemet

234 1583 305 1648 fuit
320 1583 457 1649 seisitns
469 1584 510 1650 de
519 1584 688 1670 praedictis
703 1583 850 1649 servitiis
862 1604 924 1669 per
933 1606 1071 1648 manum
1080 1584 1186 1669 ipsius
1201 1584 1224 1648 J
1225 1583 1381 1664 ohannis,

234 1675 275 1735 nt
295 1670 337 1736 de
360 1671 461 1736 feodo
481 1677 517 1737 et
538 1671 615 1758 jure
641 1675 792 1757 tempore
812 1670 942 1735 domini
965 1672 1069 1756 Regis
1090 1693 1193 1751 nunc,
1219 1671 1382 1756 capiendo

235 1758 314 1822 inde
330 1757 478 1843 expletia
499 1759 542 1823 ad
567 1758 757 1838 valentiam,
774 1761 850 1837 etc,
866 1758 1045 1843 praedictus
1066 1759 1089 1824 J
1091 1759 1240 1825 ohannes
1256 1760 1383 1843 injuste

235 1841 363 1996 ᾶὲἁὶοῐὴ
377 1846 490 1910 facere
506 1845 537 1913 ei
552 1846 715 1931 praedicta
726 1845 873 1911 servitia.
910 1846 957 1909 nt
967 1845 1054 1930 quod
1064 1845 1133 1910 tale
1149 1847 1195 1910 sit
1205 1847 1261 1931 jus
1272 1867 1382 1925 suum,

236 1954 257 1998 o
286 1935 349 2011 ert,
365 1937 431 1999 etc.

302 2021 347 2084 Et
366 2020 541 2085 Johannes
563 2019 658 2084 venit
677 2021 713 2083 et
733 2018 888 2085 defendit
910 2019 979 2083 vim
1001 2023 1036 2084 et
1054 2019 1215 2105 injuriam
1239 2019 1383 2104 quande,

238 2109 314 2187 eto,
331 2111 366 2173 et
381 2108 465 2173 bene
480 2106 654 2192 cognoscit
669 2107 758 2190 quod
772 2109 868 2171 tenet
886 2106 927 2170 de
947 2107 1107 2191 praedicto
1122 2105 1275 2172 Waltcro
1290 2110 1385 2172 tene·

237 2198 391 2259 mentum
404 2194 602 2280 predictum
623 2215 683 2279 per
705 2193 881 2258 servitium
895 2193 1057 2260 reddendi
1072 2195 1104 2258 ei
1118 2215 1221 2258 unam
1237 2214 1384 2258 marcam

238 2281 299 2366 pro
324 2283 418 2346 omni
448 2281 595 2361 servitio,
623 2286 658 2347 et
684 2281 725 2345 de
751 2281 887 2346 residuo
912 2281 1149 2365 praedictorum
1172 2281 1384 2346 servitiorum

238 2368 391 2435 defendit
410 2368 467 2454 jus
488 2390 586 2434 suum
610 2372 645 2432 et
669 2369 789 2448 totum,
816 2372 901 2448 etc,
925 2371 961 2433 et
980 2368 1079 2452 ponit
1105 2388 1140 2432 se
1164 2369 1201 2431 in
1227 2389 1386 2452 magnam

239 2456 381 2520 assisam
406 2454 536 2520 domini
558 2455 673 2538 Regis,
698 2457 733 2519 et
758 2454 847 2540 petit
873 2455 1139 2538 recognitionem
1163 2455 1247 2535 fieri,
1271 2461 1387 2520 utrum

239 2543 311 2628 ipse
347 2542 459 2628 majus
493 2543 549 2628 jus
583 2541 708 2606 habeat
743 2541 882 2607 tenendi
920 2542 1118 2626 praedictum
1154 2545 1388 2608 tenementum

239 2630 281 2695 de
296 2629 456 2715 praedicto
472 2628 626 2694 Waltero
640 2649 700 2729 per
711 2628 886 2731 servitium
900 2629 1063 2730 reddendi
1079 2628 1110 2693 ei
1125 2650 1229 2730 unam
1240 2651 1389 2695 marcam

239 2719 1225 2889 detruncatoremseems?
1247 2737 1388 2870 tendi?

241 2891 343 2972 vium,
368 2895 405 2956 et
428 2891 472 2955 nd
495 2889 687 2976 scutagium
718 2890 945 2975 qnadraginta
972 2890 1010 2970 ε’,
1043 2890 1154 2957 decem
1185 2891 1222 2971 ε’,
1253 2892 1388 2976 quando

241 2977 400 3058 evenerit,
417 2978 510 3043 etad
528 2977 613 3062 plus,
629 2977 716 3062 plus,
733 2981 768 3042 et
791 2977 834 3040 ad
857 2977 979 3058 minus,
995 2977 1119 3058 minus,
1136 2983 1171 3042 et
1192 2978 1342 3044 faciendi
1357 2978 1387 3042 ei

241 3065 406 3131 auxilinm
427 3065 471 3130 ad
490 3064 597 3129 filium
615 3086 713 3129 suum
737 3063 1000 3149 primogenitum
1020 3064 1164 3129 militem
1182 3065 1388 3144 faciendum,

240 3158 276 3218 et
291 3153 334 3218 ad
349 3152 452 3216 filiam
468 3173 563 3216 suam
574 3151 837 3237 primogenitam
852 3152 1091 3232 maritandam,
1104 3152 1193 3216 sicut
1207 3153 1387 3237 praedictus

241 3239 415 3306 Walterus
430 3239 474 3303 ab
497 3260 536 3304 eo
559 3238 678 3324 exigit.
723 3239 769 3302 Et
788 3237 810 3302 J
812 3238 963 3303 ohannes
981 3239 1023 3303 de
1047 3239 1192 3324 Oggille,
1213 3241 1234 3304 J
1236 3241 1388 3304 ohannes

241 3328 283 3391 de
310 3327 573 3412 Hertvvaytton',
596 3324 769 3392 Walterus
796 3325 837 3389 de
865 3325 1081 3410 vaetthorp',
1112 3330 1147 3391 et
1176 3327 1323 3392 Thomas
1347 3328 1389 3392 de

241 3413 437 3499 Bykerton',
464 3417 610 3497 quatuor
634 3413 760 3477 milites
787 3412 887 3476 electi
912 3413 956 3476 ad
985 3412 1179 3499 eligendum
1203 3414 1388 3494 duodecim,

241 3505 407 3566 venerunt
437 3503 472 3564 et
502 3499 677 3585 elegenmt
706 3499 804 3580 istos,
834 3498 1044 3564 Willelmum
1080 3501 1122 3564 de
1152 3500 1389 3581 Flotevvarton,

242 3588 407 3654 Thomam
421 3587 464 3652 de
478 3587 684 3665 Clenehulle‚
700 3587 887 3651 Robertum
908 3587 949 3652 de
964 3587 995 3650 le
1011 3587 1120 3667 Ferte,
1137 3588 1325 3654 Robertum
1347 3589 1388 3654 de

243 3675 456 3760 Bydlisdene,
471 3675 657 3740 Robertum
679 3673 720 3740 de
743 3673 866 3754 Laker,
883 3673 1088 3739 Willelmum
1114 3675 1155 3741 de
1178 3675 1390 3762 Muschamp‚

243 3761 445 3828 Michaelem
476 3762 516 3828 de
544 3761 692 3845 Kyllum,
724 3759 931 3824 Willelmum
961 3761 1002 3827 de
1036 3761 1188 3843 Halton',
1219 3763 1390 3847 Rogemm

243 3848 400 3930 Maudut,
416 3848 600 3913 Ricardum
614 3848 656 3914 de
671 3847 874 3926 Whelaund,
891 3847 1101 3933 Engramum
1117 3849 1158 3913 de
1172 3849 1391 3931 Warenham,

243 3937 429 4001 Robertum
445 3936 485 4003 de
500 3935 673 4014 Maneriis,
691 3935 713 3998 J
714 3935 882 3999 ohannem
898 3934 939 3999 de
960 3935 1189 4022 Herwayton',
1199 3938 1221 4001 J
1223 3937 1391 4002 ohannem

245 4023 399 4109 Oggylle,
414 4023 580 4088 Thomam
602 4023 643 4088 de
665 4022 845 4105 Bykerum‚
861 4025 896 4086 et
911 4021 1103 4087 Wolterum
1118 4023 1160 4088 de
1176 4024 1391 4111 vaetthorp’.

246 4111 372 4176 Postea
393 4109 573 4195 pmdictus
589 4109 762 4174 Waiterus
781 4130 850 4174 non
872 4113 925 4175 est
946 4113 1155 4195 prosecutus,
1170 4111 1247 4178 ideo
1269 4111 1341 4196 ipse
1356 4118 1392 4178 et

246 4198 301 4284 ple
328 4197 348 4216 ''
366 4197 418 4262 sui
434 4198 475 4262 de
495 4196 725 4283 prosequendo
740 4197 777 4260 in
793 4195 880 4277 mis',
897 4197 1036 4278 scilicet,
1052 4199 1075 4262 J
1076 4199 1226 4265 ohannes
1241 4197 1393 4266 Gerener

246 4288 282 4350 et
319 4285 471 4350 ohannes
487 4285 575 4349 filins
591 4283 738 4350 Gilberti
752 4283 794 4348 de
810 4283 960 4349 Dalton'.

310 4371 392 4439 Dies
423 4371 524 4438 datus
553 4375 605 4436 est
635 4369 728 4436 cisa
752 4369 806 4435 die
834 4370 952 4436 Sancti
975 4371 1142 4437 Johannis
1169 4372 1334 4459 Baptistae
1359 4374 1395 4439 in

248 4458 441 4546 quindecim
455 4459 539 4541 dies,
555 4461 638 4525 tunc
652 4456 792 4524 veniant
806 4456 1006 4525 duodecimi.
