3280 5112
260 487 301 551 32
410 505 524 550 assmn
548 505 648 564 nonu,
671 503 1010 562 uonrauusnamun,
1033 483 1076 546 40
1099 503 1182 548 aas.
1206 503 1260 547 111.

323 659 444 725 Assisa
465 658 561 725 veuit
582 655 800 742 recognitum
823 656 852 722 si
875 656 1029 741 Rogerus
1046 657 1087 720 de
1103 656 1299 736 Milehmn’,
1314 659 1414 740 pater

258 746 425 811 Willelmi
440 747 481 812 de
497 745 692 826 Mileburn',
707 745 778 808 fuit
794 743 931 809 saisitus
946 744 984 808 in
999 744 1168 809 dominico
1188 765 1259 824 suo,
1277 747 1354 822 etc,
1370 743 1412 807 de

258 832 907 1004 ppppoaegptffirpfflp
918 830 1412 1002 {tltffltzlllllltzll

259 1027 344 1072 uxor
369 971 444 1092 ejhs
471 1010 602 1086 tenent,
630 1007 688 1089 qui
715 1005 858 1070 veniunt
884 1009 919 1068 et
945 1005 1063 1069 dicunt
1089 1005 1178 1087 quod
1200 1025 1268 1068 non
1291 1008 1411 1070 tenent

258 1095 392 1179 integre
406 1093 602 1178 praedictam
618 1097 743 1158 terram
760 1092 840 1176 quia
854 1091 1008 1174 quaedam
1021 1094 1147 1176 Agnes,
1160 1112 1233 1174 quae
1244 1091 1315 1154 fuit
1327 1110 1412 1154 uxor

258 1180 355 1245 Petri
381 1181 422 1244 de
444 1180 641 1259 Dunholm’,
669 1179 848 1244 duodecim
875 1199 969 1243 acras
992 1182 1090 1242 terrae
1112 1177 1191 1242 inde
1214 1181 1320 1242 tenet.
1365 1178 1411 1241 Et

257 1268 428 1353 juratores
451 1268 515 1332 hoc
538 1267 626 1332 idem
649 1268 831 1331 testantur.
879 1265 961 1330 Ideo
981 1264 1233 1330 consideratum
1254 1264 1411 1347 estquod

258 1354 413 1440 praedicti
427 1355 581 1437 Rogerus
600 1354 668 1436 (sic)
687 1357 722 1416 et
735 1352 895 1416 Alienora
912 1352 991 1416 inde
1008 1351 1081 1416 sine
1097 1351 1161 1431 die,
1178 1354 1213 1415 et
1228 1351 1410 1436 pradictus

258 1441 454 1505 Willelmus
477 1439 584 1505 nichil
605 1439 719 1524 capiat
738 1460 799 1524 per
819 1437 914 1503 istud
936 1439 1035 1503 breve
1058 1441 1111 1503 set
1134 1439 1180 1502 sit
1202 1437 1239 1500 in
1259 1438 1334 1501 mis’
1350 1458 1411 1523 pro

257 1528 347 1592 falso
381 1527 535 1607 clamore,
569 1547 631 1612 per
666 1526 818 1612 plegium
848 1524 989 1590 Ricardi
1018 1525 1143 1605 Lulles,
1174 1524 1334 1590 Duncani
1370 1525 1412 1590 de

259 1615 498 1700 Wyddeslade.

324 1735 471 1799 Thomas
496 1734 601 1799 Brian
624 1733 714 1818 petit
737 1752 852 1797 versus
876 1731 1082 1796 Mildredum
1107 1730 1215 1795 filium
1241 1731 1412 1796 Johannis

259 1821 436 1885 dimidiam
458 1842 572 1886 acram
585 1825 684 1884 terrae
700 1840 776 1883 cum
790 1818 1009 1902 pertinentiis
1032 1819 1069 1881 in
1093 1817 1350 1903 Tremelington
1372 1821 1411 1881 ut

258 1909 314 1993 jus
337 1912 373 1973 et
395 1908 622 1973 hereditatem
644 1927 751 1983 suam,
775 1909 810 1971 et
836 1907 871 1968 in
892 1927 993 1988 quam
1016 1906 1107 1969 idem
1131 1905 1319 1969 Mildredus
1342 1925 1411 1968 non

259 1996 364 2060 habet
389 1995 580 2080 ingressum
607 1993 674 2057 nisi
699 2013 760 2076 per
788 1992 995 2076 Margeriam
1026 1991 1131 2056 filiam
1161 1992 1327 2058 Willelmi
1356 1991 1412 2057 cni

259 2082 375 2168 Agnes
391 2081 507 2145 Briam
531 2085 641 2144 mater
663 2079 817 2164 praedicti
841 2079 989 2157 Thomae,
1013 2080 1108 2163 cujus
1130 2080 1228 2146 heres
1250 2079 1323 2164 ipse
1348 2082 1410 2158 est,

258 2169 352 2233 illam
368 2168 500 2232 dimisit
515 2169 558 2233 ad
573 2167 757 2231 terminum
773 2164 831 2249 qui
845 2165 1021 2250 praeteriit,
1038 2169 1101 2230 etc.

323 2256 370 2319 ut
380 2255 567 2319 Mildredus
577 2253 672 2318 venit
681 2257 718 2318 et
727 2253 812 2318 dicit
821 2253 911 2336 quod
923 2252 952 2317 si
962 2250 1085 2336 aliquis
1098 2252 1184 2318 alius
1194 2251 1412 2336 inplacitaret

258 2342 404 2427 ipsemet
433 2345 571 2406 tenetur
596 2340 628 2404 ei
653 2340 794 2404 eandem
818 2342 946 2403 terram
967 2339 1201 2419 warrantizare,
1224 2339 1305 2423 quia
1327 2339 1412 2404 dicit

257 2429 347 2513 quod
362 2429 525 2513 praedicta
540 2426 715 2511 Margaria
736 2429 930 2491 antecessor
945 2425 1053 2510 ipsius
1069 2426 1218 2506 Thomae,
1234 2427 1346 2510 ipsum
1369 2427 1411 2491 de

257 2515 421 2600 praedicta
442 2519 534 2578 terra
556 2513 715 2579 feoffavit
736 2533 797 2597 per
819 2515 950 2577 cartam
973 2533 1069 2576 suam
1089 2534 1191 2596 quam
1213 2513 1356 2597 profert,
1376 2517 1412 2577 et

258 2625 332 2687 quae
346 2603 410 2666 hoc
426 2604 585 2680 testatur,
602 2605 638 2665 et
651 2600 741 2683 quod
764 2599 927 2685 praedicta
942 2598 1115 2683 Margaria
1136 2603 1172 2662 et
1194 2600 1335 2665 heredes
1358 2601 1411 2664 sui

258 2687 583 2766 warrantizaverint,
612 2689 676 2751 etc.
727 2687 773 2750 Et
803 2685 887 2751 dicit
924 2686 1013 2769 quod
1050 2687 1232 2770 praedictus
1263 2686 1411 2750 Thomas

258 2775 364 2840 habet
378 2775 420 2839 de
434 2775 625 2840 hereditate
636 2773 804 2859 praedictae
820 2772 998 2857 Margeriae
1013 2774 1057 2836 ad
1079 2772 1300 2838 sufficientem
1321 2774 1411 2837 unde

257 2862 348 2948 petit
362 2860 611 2940 warrantizare,
629 2865 693 2925 etc.
739 2860 786 2924 Et
797 2859 945 2924 Thomas
957 2881 1026 2925 non
1038 2864 1153 2945 potest
1168 2860 1233 2924 hoc
1245 2858 1409 2926 dedicere.

260 2950 342 3015 Ideo
358 2948 608 3014 consideratum
631 2947 795 3030 estquod
818 2946 998 3030 pradictus
1021 2945 1209 3012 Mildredus
1233 2949 1351 3012 teneat
1374 2947 1411 3009 in

258 3056 353 3121 pace,
379 3039 415 3100 et
440 3034 587 3099 Thomas
614 3033 720 3099 nichil
747 3032 861 3118 capiat
889 3054 950 3116 per
979 3033 1078 3100 breve
1107 3033 1193 3097 illud
1223 3036 1275 3098 set
1301 3034 1349 3097 sit
1373 3033 1411 3096 in

259 3122 336 3186 m1s'
358 3142 419 3206 pro
441 3121 530 3187 falso
553 3120 698 3187 clamore
721 3140 781 3204 per
802 3119 954 3205 plegium
976 3120 1119 3185 Roberti
1141 3121 1183 3186 de
1202 3120 1351 3184 Alnham
1373 3119 1412 3184 in

161 3289 169 3306 .
258 3207 481 3292 Tralingham
496 3221 531 3272 et
545 3207 628 3272 Adae
643 3206 789 3291 Hirring
805 3207 846 3271 de
861 3207 989 3272 eadem.

324 3327 518 3392 Willelmus
538 3327 579 3393 de
594 3326 721 3391 Madle¹
738 3327 964 3392 summonitus
980 3327 1049 3391 fuit
1072 3328 1115 3392 ad
1138 3329 1411 3413 respondendum

257 3417 392 3500 Rogero
407 3414 478 3479 fflio
493 3413 632 3478 Ricardi
647 3414 689 3478 de
703 3413 831 3499 placito
847 3415 936 3498 quod
957 3414 990 3480 ei
1012 3417 1130 3481 teneat
1152 3416 1411 3482 couventionem

258 3504 351 3567 inter
396 3501 568 3566 Simonem
611 3500 719 3564 filium
755 3501 930 3582 willelmi,
972 3502 1263 3587 consanguineum
1303 3502 1410 3586 ipsius

259 3587 436 3667 Willelmi,
450 3590 544 3673 cujus
557 3588 653 3654 heres
669 3587 742 3672 ipse
758 3592 821 3668 est,
835 3593 870 3653 et
885 3589 1070 3654 Ricardum
1087 3590 1127 3656 de
1143 3589 1263 3675 Oggel'
1278 3594 1411 3674 patrem

174 3691 178 3699 '
258 3675 412 3762 praedicti
427 3675 566 3760 Rogeri,
582 3675 678 3759 cujus
693 3675 791 3739 heres
807 3675 880 3759 ipse
896 3680 958 3754 est,
975 3677 1016 3740 de
1036 3697 1106 3741 uno
1121 3677 1212 3741 tofto
1228 3679 1264 3742 et
1279 3677 1410 3741 duabus

258 3762 390 3829 bovatis
406 3766 505 3826 terrae
521 3783 598 3826 cum
612 3761 831 3844 pertinentiis
848 3763 884 3826 in
897 3763 1125 3847 Riplingtou',
1142 3767 1206 3828 etc.
1252 3763 1299 3826 Et
1320 3764 1411 3829 uude

258 3849 344 3914 dicit
366 3848 455 3932 quod
471 3869 549 3913 cum
564 3847 744 3931 praedictus
761 3847 877 3912 Simon
895 3849 1081 3914 dimisisset
1099 3850 1261 3934 praedioto
1276 3851 1411 3935 Rogero

257 3935 350 4023 patri
358 3934 511 4020 praedicti
521 3935 659 4020 Rogeri,
669 3933 869 4019 praedictum
878 3936 1008 4000 toftum
1019 3939 1055 4002 et
1066 3937 1150 4000 duas
1162 3938 1303 4002 bovatas
1313 3949 1412 4003 terrae

259 4045 335 4089 cum
358 4020 576 4107 pertinentiis
601 4021 645 4084 ad
668 4021 853 4085 terminum
878 4023 1004 4107 viginti
1027 4027 1063 4089 et
1088 4043 1209 4090 novem
1231 4045 1410 4105 annorum,

257 4114 335 4189 etc,
359 4108 540 4194 pradictus
567 4107 733 4172 Ricardus
760 4110 858 4191 pater
882 4109 1034 4192 praedicti
1061 4110 1199 4194 Rogeri,
1227 4111 1313 4176 obiit
1338 4111 1411 4195 jam

257 4197 367 4263 tribus
383 4194 483 4260 annis
505 4194 640 4278 elapsis,
662 4197 698 4259 et
719 4195 901 4279 praedictus
924 4195 1118 4261 Willelmus
1140 4197 1259 4263 statim
1280 4200 1411 4283 postea,

258 4287 378 4349 contra
407 4281 604 4366 praedictam
635 4281 905 4362 conventionem,
935 4282 1078 4348 intrusit
1108 4305 1144 4349 se
1173 4285 1210 4348 in
1240 4285 1411 4369 praedictis

257 4370 350 4434 tofto
378 4372 414 4432 et
438 4373 532 4432 terra
557 4371 592 4432 et
614 4388 655 4432 ea
677 4367 821 4449 detinet,
844 4369 936 4433 unde
959 4369 1045 4434 dicit
1069 4370 1158 4454 quod
1184 4371 1411 4438 deterioratus

259 4460 312 4522 est
327 4461 362 4522 et
376 4454 561 4540 dampnum
577 4454 682 4519 habet
696 4454 740 4517 ad
755 4454 951 4535 valentiam,
969 4460 1032 4520 etc.

607 4574 615 4608 ¹
633 4573 763 4640 Probably
774 4590 790 4626 a
800 4575 910 4629 mistelra
921 4576 963 4628 lor
974 4573 1065 4628 Maslc.
