3278 5104
247 519 311 585 136
397 541 511 588 naemu
533 543 633 604 noun,
656 542 994 605 roarnuunsanunn,
1017 521 1059 588 58
1082 543 1165 589 nur.
1188 543 1243 588 111.

246 695 432 762 Uctredum
447 697 489 765 de
503 699 681 785 Ly'pwode,
699 699 757 783 qui
778 699 891 785 ipsum
912 698 1097 764 Ricardum
1119 699 1247 784 injuste
1270 699 1305 761 et
1319 694 1394 761 sine

243 783 372 868 judicio
402 785 586 851 dissaisivit
613 790 692 872 post
720 786 875 872 primam,
903 790 967 851 etc.
1027 787 1073 850 Et
1098 786 1203 885 Hugo
1229 783 1333 862 venit,
1359 786 1395 847 et

245 870 401 936 defendit
422 874 478 957 jus
499 893 597 938 suum
618 873 762 959 quando,
783 877 860 955 etc,
876 877 913 939 et
932 874 1017 939 bene
1038 872 1194 938 defendit
1215 871 1304 957 quod
1323 891 1393 935 non

245 957 349 1023 habet
364 959 554 1045 ingressum
570 961 603 1025 in
620 959 815 1046 predictam
835 965 962 1026 terram
983 982 1044 1046 per
1061 960 1259 1045 praedictum
1275 959 1393 1024 Uctre·

245 1044 336 1126 dum,
360 1046 464 1112 immo
494 1070 553 1132 per
576 1048 757 1132 quamdam
782 1047 939 1127 Aliciam,
964 1068 1103 1113 uxorem
1133 1067 1239 1112 suam.
1300 1045 1394 1110 Dicit

245 1133 335 1197 onim
352 1135 439 1218 quod
454 1135 615 1219 praedicta
629 1140 721 1200 terra
735 1138 787 1199 est
809 1134 866 1220 jus
889 1137 924 1198 et
945 1135 1117 1201 hereditas
1139 1133 1247 1219 ipsius
1263 1132 1392 1212 Aliciae,

158 1293 160 1298 ,
244 1222 280 1284 et
304 1222 392 1321 quod
417 1221 523 1286 nichil
545 1222 669 1287 clamat
691 1223 728 1286 in
747 1222 875 1302 eadem,
891 1221 959 1287 nisi
980 1221 1112 1286 ratione
1135 1221 1241 1306 ipsius
1264 1219 1393 1300 Aliciae,

245 1327 360 1372 uxone
376 1329 455 1374 suae.

309 1395 355 1458 Fit
379 1395 544 1461 Ricardus
569 1396 654 1460 dicit
676 1395 764 1480 quod
786 1396 966 1480 pradictus
991 1395 1095 1481 Hugo
1119 1393 1224 1460 nichil
1248 1393 1393 1460 clamare

243 1483 358 1566 potest
387 1482 424 1545 in
453 1483 615 1568 praedicta
644 1485 735 1549 terra
763 1483 896 1548 ratione
924 1483 1092 1568 predicte
1120 1481 1248 1562 Aliciae,
1277 1481 1392 1546 uxoris

243 1589 322 1650 suae,
347 1569 431 1634 dicit
461 1570 551 1636 enim
581 1570 671 1654 quod
697 1569 878 1656 praedictus
904 1571 1071 1636 Uctredus
1100 1569 1257 1635 feoffavit
1279 1569 1410 1653 ipsum.

243 1654 424 1740 Hugonem
452 1657 493 1722 de
519 1657 646 1737 eadem,
671 1661 706 1723 et
730 1658 819 1741 quod
841 1658 946 1722 habet
971 1656 1160 1743 ingressum
1185 1657 1224 1719 in
1250 1655 1392 1722 eandem

243 1745 369 1808 terram
398 1765 457 1828 per
485 1745 682 1829 predictum
713 1745 911 1825 Uctredum,
942 1748 977 1809 et
1005 1765 1075 1809 non
1108 1765 1168 1828 per
1197 1742 1392 1832 predictam

242 1829 398 1896 Aliciam.
463 1831 566 1896 Ponit
603 1851 638 1896 se
675 1851 777 1916 super
812 1831 971 1917 patriam,
1008 1835 1044 1898 et
1081 1832 1185 1916 Hugo
1222 1828 1390 1909 similiter,

242 1915 318 1981 ideo
342 1918 404 1984 fist
424 1917 504 1983 inde
523 1919 649 2004 jurata.
694 1919 740 1983 Fit
763 1919 903 1984 veniant
926 1919 981 1984 (119
995 1919 1138 1984 Veneris
1160 1923 1238 2002 post
1263 1917 1391 1982 festum

244 2004 360 2068 Sancti
374 2005 397 2070 J
398 2005 543 2071 ohannis
555 2004 743 2090 Baptistae.1
781 2006 917 2085 Postea,
930 2006 972 2070 ad
985 2005 1074 2072 diem
1089 2004 1197 2084 illum,
1209 2003 1389 2089 praedictus

242 2091 408 2157 Ricardus
423 2092 550 2178 optulit
564 2115 599 2160 se
616 2114 729 2158 versus
743 2093 940 2178 preadictum
963 2093 1144 2178 Hngonem
1166 2092 1208 2156 (19
1230 2090 1391 2176 praedicto

241 2177 378 2264 placito,
394 2183 430 2244 et
445 2181 517 2266 ipse
531 2201 600 2245 non
616 2179 761 2245 renitet
779 2180 896 2245 habuit
913 2179 1004 2245 diem
1018 2181 1062 2245 ad
1077 2180 1167 2243 hunc
1182 2179 1282 2258 diem,
1301 2181 1391 2262 post-

242 2287 343 2349 quam
364 2267 553 2352 comparuit
572 2267 609 2331 in
630 2266 743 2347 Curia,
759 2271 823 2333 etc.
868 2267 890 2332 J
893 2267 1053 2348 udicium,
1076 2266 1274 2351 praedictum
1296 2267 1391 2330 tene-

242 2357 395 2417 mentum
419 2355 573 2439 capiatur
596 2354 634 2417 in
659 2375 798 2418 manum
821 2353 950 2417 domini
975 2353 1091 2439 Regis.
1137 2353 1389 2437 1111999199(-

241 2440 414 2505 monictur
438 2442 526 2525 quod
553 2440 598 2505 sit
622 2440 677 2505 hic
704 2441 758 2505 die
784 2440 964 2506 Dominica
988 2443 1067 2525 post
1083 2439 1248 2506 Octavam
1272 2438 1390 2503 Sancti

242 2527 408 2592 iohannis
425 2527 612 2612 Βειρ1191998
628 2527 805 2592 auditurus
821 2527 899 2594 inde
914 2528 1081 2612 judicium
1100 2549 1207 2592 suum.
1253 2527 1388 2606 Postea,

242 2613 285 2678 ad
309 2614 398 2678 diem
423 2614 530 2695 illum,
556 2613 736 2699 praedictus
759 2613 925 2680 Ricardus
952 2614 1079 2701 optulit
1104 2635 1139 2680 se
1166 2635 1280 2681 versus
1306 2635 1389 2697 prae-

240 2699 371 2764 dictum
390 2701 572 2788 Hugonem
588 2701 629 2766 (19
644 2702 804 2786 praedicto
820 2701 957 2788 placito,
973 2705 1009 2767 et
1023 2702 1097 2788 ipse
1111 2721 1181 2766 non
1195 2701 1298 2766 venit.
1343 2701 1390 2764 Et

241 2787 424 2853 vicecomes
450 2792 599 2854 testatur
622 2788 712 2873 quod
733 2791 826 2854 terra
848 2793 950 2874 capta
969 2792 1021 2856 est
1042 2791 1078 2852 in
1097 2811 1235 2853 manum
1259 2786 1389 2852 domini

240 2873 356 2959 Regis,
387 2880 422 2942 et
452 2875 690 2955 summonitus,
721 2879 797 2956 etc,
827 2875 903 2942 ideo
934 2877 1184 2941 consideratum
1218 2879 1271 2940 est
1299 2873 1389 2959 quod

241 2961 408 3027 Ricardus
423 2967 598 3048 recuperet
612 2962 781 3048 seysinam
797 2984 903 3041 suam,
919 2967 955 3030 et
971 2965 1074 3050 Hugo
1087 2963 1125 3026 in
1140 2963 1227 3028 mis’.

306 3115 487 3196 Amabilia,
518 3138 591 3201 quae
625 3117 696 3181 fuit
725 3139 812 3182 uxor
840 3116 1005 3183 Willclmi
1039 3117 1072 3182 le
1106 3118 1272 3196 Forestcr,
1301 3113 1389 3200 petit

242 3224 356 3269 versus
372 3205 393 3268 J
394 3205 562 3269 ohannem
577 3205 608 3269 le
624 3205 780 3270 Forester
795 3205 836 3270 (19
851 3204 1089 3290 Tyttelington
1104 3207 1243 3272 tertiam
1256 3207 1388 3289 partem

242 3291 1040 3445 ltffinletlltliqutlltttlttlllt
1053 3293 1389 3466 aifaitieiiffti*

241 3467 282 3529 ut
296 3465 411 3530 dotem
426 3487 533 3547 suam,
549 3400 625 3532 etei
824 3401 847 3463 p
1378 3426 1388 3458 ’

307 3553 353 3617 Et
373 3553 547 3618 lohannes
571 3552 665 3618 venit
689 3556 723 3617 et
746 3552 831 3618 dicit
850 3553 940 3638 quod
958 3575 1027 3618 non
1052 3553 1153 3620 debet
1177 3553 1208 3618 ei
1234 3552 1313 3620 inde
1339 3575 1389 3622 ra·

242 3641 406 3725 spondere
429 3639 514 3706 dicit
537 3641 628 3704 enim
654 3640 743 3724 quod
765 3641 926 3724 praedicta
949 3639 1119 3706 Amabilia
1142 3641 1246 3706 habet
1269 3641 1388 3722 virum,

242 3727 377 3791 nomine
404 3726 599 3808 Ricardum,
626 3728 698 3792 sine
720 3748 787 3811 quo
817 3727 891 3812 ipsa
921 3748 989 3792 non
1019 3732 1133 3812 potest
1161 3730 1276 3812 petere
1305 3750 1389 3814 prae-

242 3813 369 3879 dictam
393 3815 518 3894 dotem,
534 3818 570 3879 et
593 3814 652 3899 qui
679 3834 748 3878 non
773 3814 969 3880 nominatur
994 3815 1031 3880 in
1057 3814 1159 3896 brevi,
1186 3815 1275 3881 unde
1301 3815 1389 3901 petit

239 3901 406 3988 judicium
429 3901 471 3966 de
494 3901 598 3966 brevi.
652 3899 699 3965 Elt
721 3901 883 3987 praedicta
905 3901 1076 3967 Amabilia
1098 3924 1166 3967 non
1189 3905 1303 3987 potest
1324 3904 1389 3968 hoc

241 3988 402 4054 dedicere.
448 3987 708 4054 consideratum
729 3992 783 4054 est
804 3989 894 4074 quod
915 3989 1096 4074 pradictus
1110 3990 1133 4055 J
1135 3989 1286 4056 ohannes
1308 3989 1389 4055 inde

241 4076 313 4142 sine
329 4075 393 4156 die,
409 4078 446 4142 et
459 4075 630 4141 Amabilia
645 4075 682 4138 in
698 4076 784 4141 mis'.

304 4231 480 4297 Johannes
506 4229 597 4294 filius
620 4229 789 4296 Johannis
813 4229 874 4294 filii
897 4229 1039 4295 Patricii
1065 4229 1291 4295 summonitus
1320 4229 1391 4294 fuit

239 4319 284 4383 ad
304 4317 576 4403 respondendum
591 4315 743 4382 Waltero
768 4318 810 4382 (19
831 4316 1074 4382 udehnthnm³
1089 4318 1130 4382 de
1153 4317 1279 4403 placito
1301 4318 1392 4403 quod

274 4479 282 4512 ¹
299 4483 333 4533 29
343 4479 363 4532 J
364 4494 416 4531 uns
428 4481 501 4533 1269.
879 4475 890 4509 ³
907 4477 1065 4544 Edlinghcm
1087 4479 1115 4531 iu
1132 4477 1288 4546 (loquctdale
1299 4479 1392 4544 Wcrd,

273 4544 606 4614 ²Sundry,1July1ao9.
845 4543 934 4598 North
944 4545 1005 4599 Div.
