3272 5092
291 480 354 546 208
428 501 542 546 rssrun
566 501 666 563 aona,
689 501 1029 564 scuranunsunarn,
1054 481 1095 546 53
1119 501 1203 549 nnn.
1227 502 1281 547 111.

355 655 544 723 Duodecim
565 656 735 743 juratores
758 656 852 723 ultra
875 656 984 724 colret
1010 660 1044 722 61
1070 655 1248 724 duodecim
1273 654 1443 742 juratores

289 741 378 808 citra
401 742 510 810 Ooket
533 747 835 830 prasentavernnt,
861 744 950 830 quod
976 765 1102 831 magua
1127 745 1315 811 destructio
1341 746 1381 809 fit
1407 744 1444 809 in

289 830 386 915 aquis
402 833 440 895 iu
454 831 621 897 comitatu
635 832 703 898 isto
729 833 770 898 de
791 831 1011 914 salmonibus,
1027 835 1179 917 tempore
1195 853 1261 916 qno
1276 831 1444 898 salmones

288 919 478 983 ascendunt
500 919 543 985 ad
564 919 750 1001 friaudum,
767 923 803 986 et
818 919 975 985 similiter
990 919 1032 984 de
1047 919 1276 1000 salmunculis,
1292 923 1443 1004 tempore

289 1026 357 1090 quo
380 1005 590 1072 descendunt
615 1007 659 1071 ad
683 1027 785 1086 mare,
812 1007 856 1071 ad
881 1029 1045 1093 maguum
1069 1007 1313 1073 detrimentum
1334 1006 1443 1072 totius

289 1091 471 1158 comitatus
480 1096 515 1159 et
525 1091 677 1158 omnium
686 1093 910 1161 comitatuum
922 1094 1166 1180 adjacentium,
1176 1097 1212 1160 et
1220 1094 1393 1179 petierunt
1402 1115 1443 1160 ex

287 1183 384 1266 parte
395 1181 504 1246 totius
516 1181 708 1260 comitatae,
720 1182 810 1266 quod
823 1185 993 1246 statutum
1004 1186 1040 1247 et
1050 1181 1198 1268 provisio
1210 1181 1271 1246 fiat
1282 1200 1343 1266 per
1354 1180 1443 1265 quod

215 1283 217 1287 ’
288 1266 451 1352 predicta
472 1267 658 1335 destructio
680 1269 835 1336 decetero
858 1289 928 1333 nou
942 1268 1014 1334 fiat.
1060 1269 1106 1333 at
1125 1268 1202 1335 ideo
1217 1269 1259 1333 16
1274 1288 1442 1334 consensu

260 1429 263 1435 Δ
287 1353 395 1420 totius
411 1354 593 1421 comitatus
607 1358 681 1420 tam
691 1355 841 1420 militum
855 1377 957 1441 quam
978 1355 1122 1420 aliorum
1137 1355 1319 1423 liberorum
1334 1355 1440 1421 homi·

288 1463 369 1506 num
384 1442 426 1506 16
442 1443 608 1508 comitatu
629 1441 708 1523 isto,
731 1434 826 1508 nullo
850 1443 1066 1524 reclamante,
1087 1463 1150 1508 nec
1172 1442 1438 1522 contradicente,

287 1532 458 1594 statutum
473 1533 526 1595 est
535 1533 570 1596 st
581 1530 753 1615 provisum
765 1530 854 1615 qnod
863 1551 886 1594 a
896 1531 987 1596 festo
997 1530 1117 1595 Sancti
1127 1529 1305 1596 Michaelis
1317 1549 1440 1614 quous-

287 1637 351 1700 que
360 1617 488 1682 festum
499 1616 769 1682 SanctiAndreae
779 1618 826 1682 sit
836 1617 1046 1702 prateritum
1056 1638 1126 1683 non
1135 1617 1296 1682 trahatvur
1305 1616 1441 1702 aliquod

286 1708 359 1768 rete
373 1703 583 1788 velpouatur
597 1704 642 1769 ad
656 1705 821 1790 gurgites,
834 1704 885 1771 vel
900 1705 945 1769 ad
960 1711 1094 1790 stagna,
1109 1703 1162 1770 vel
1178 1704 1220 1769 ad
1235 1701 1439 1783 molendina,

286 1789 340 1855 rel
355 1792 398 1856 ad
414 1791 566 1858 exclusas
581 1790 864 1872 molendinorum,
883 1795 919 1856 et
940 1791 1029 1876 quod
1050 1791 1164 1856 nullus
1182 1790 1333 1876 piscetur
1347 1791 1440 1856 infra

287 1877 427 1962 Tyuam,
444 1877 620 1964 Walspylr,
636 1878 690 1943 rel
704 1877 824 1959 Ooket,
841 1877 894 1944 vel
907 1877 993 1944 alias
1007 1899 1113 1963 aquas
1128 1879 1165 1943 in
1180 1879 1346 1945 comitatu
1360 1879 1438 1957 isto,

286 1985 364 2029 cum
390 1965 530 2046 retibus,
559 1965 760 2046 strirlreldir‚
787 1965 839 2030 vel
861 1986 1073 2051 quocumque
1094 1964 1162 2030 alio
1185 1964 1324 2052 ingenio
1346 1965 1439 2030 intra

285 2051 484 2137 pradictum
499 2057 645 2136 tempus,
661 2073 724 2118 uec
739 2053 812 2117 sine
826 2052 975 2138 ingenio.

353 2139 530 2204 Statntum
540 2143 594 2204 est
609 2139 714 2205 etiam
724 2144 760 2205 et
770 2141 941 2224 provisum
953 2140 1044 2224 quod
1058 2162 1080 2205 a
1093 2139 1185 2205 festo
1196 2139 1437 2224 Apostolorum

285 2226 437 2312 Philippi
460 2233 495 2292 et
519 2225 640 2292 Jacobi
661 2247 768 2311 usque
797 2227 841 2292 ad
870 2227 1099 2292 Nativitatem
1126 2226 1243 2292 Sancti
1268 2226 1437 2292 iohannis

286 2313 451 2399 Baptista
477 2335 546 2379 non
569 2319 718 2398 ponatur
740 2313 877 2399 aliquod
899 2318 972 2379 rete
993 2313 1044 2380 vel
1067 2313 1151 2400 wyle
1173 2314 1217 2378 ad
1241 2317 1365 2398 stagna
1385 2313 1439 2379 vel

285 2400 480 2467 molendina
495 2401 547 2466 vel
563 2400 715 2466 exclusas
730 2400 1000 2466 molendinorum
1015 2401 1051 2465 iu
1067 2401 1237 2486 praedictis
1251 2402 1359 2485 aquis,
1375 2422 1438 2467 nee

285 2491 434 2574 ponatur
457 2493 529 2554 rete
553 2487 690 2572 aliquod
713 2487 806 2553 iufra
828 2487 1027 2574 pradictum
1050 2491 1186 2573 tempus
1207 2488 1251 2554 ad
1271 2489 1435 2574 gurgites,

285 2575 354 2640 nisi
368 2575 461 2660 prius
476 2594 537 2660 per
551 2576 708 2641 custodes
720 2576 764 2640 ad
775 2575 839 2640 hoe
849 2575 1029 2661 deputatos
1041 2575 1093 2642 vel
1109 2575 1332 2661 deputandos,
1347 2576 1437 2661 quod

286 2662 397 2749 caliga
410 2663 493 2729 retis
517 2661 563 2726 sit
586 2661 638 2727 ita
658 2661 755 2748 larga
775 2662 865 2748 quod
886 2661 1089 2728 salmunculi
1107 2663 1237 2728 salvum
1252 2665 1436 2729 transitum

284 2772 345 2836 per
360 2750 510 2814 modium
524 2749 657 2834 possint
671 2749 804 2816 habere.

351 2837 528 2901 Statutum
554 2840 606 2903 est
631 2836 737 2903 etiam
763 2841 798 2903 et
826 2835 998 2922 provisum
1030 2835 1119 2921 quod
1149 2836 1178 2902 si
1207 2836 1356 2922 piscator
1384 2837 1438 2904 vel

285 2923 550 2989 molendinarius
565 2922 615 2991 vel
640 2923 763 3008 aliquis
784 2922 871 2989 alins
886 2923 988 2988 homo
1003 2923 1246 3010 cujuscumque
1261 2924 1436 2990 convictus

284 3011 401 3094 fuerit,
427 3010 585 3076 dominus
609 3010 716 3096 ipsius
741 3010 800 3076 det
821 3010 960 3075 domino
978 3011 1067 3097 Regi
1081 3032 1185 3075 unam
1200 3013 1244 3074 m'
1260 3011 1436 3096 quociens-

283 3097 492 3270 tutti
508 3097 1437 3270 ittet,malttttztttstutttffitlu

284 3235 407 3357 aliquis
432 3273 518 3338 alius
543 3272 592 3338 sic
612 3271 821 3356 delinquens,
846 3272 1149 3357 quocienscumque
1164 3293 1266 3358 super
1279 3273 1344 3339 hoc
1358 3293 1436 3338 con·

284 3360 393 3426 victus
418 3359 536 3439 fuerit,
563 3359 724 3425 mittatur
748 3359 792 3424 ad
816 3361 989 3444 prisonem
1018 3358 1147 3425 domini
1172 3359 1277 3445 Regis
1303 3362 1339 3425 et
1367 3381 1437 3425 non

283 3447 490 3534 replegietur
508 3445 575 3511 nisi
589 3446 631 3512 16
647 3467 816 3512 consensu
830 3447 1009 3514 custodum
1025 3447 1068 3512 ad
1083 3447 1147 3511 hoc
1162 3447 1373 3533 provisorum
1384 3447 1437 3513 vel

307 3534 576 3600 revidendorum.
622 3534 668 3599 Et
681 3533 719 3596 in
733 3555 822 3618 aqua
837 3533 878 3600 16
893 3533 989 3618 rym
1000 3534 1046 3599 sit
1061 3534 1332 3600 constabularius
1347 3534 1436 3600 Novi

283 3557 398 3687 1&astri
421 3621 513 3686 visor
536 3620 625 3705 quod
646 3621 790 3706 provisio
808 3621 877 3686 ista
891 3624 1050 3688 teneatur
1065 3642 1086 3685 a
1100 3621 1304 3708 'lynemuth'
1319 3643 1436 3688 ascen·

284 3709 395 3775 dendo
425 3709 599 3793 usquead
625 3709 880 3793 Edvvynestrem
907 3708 996 3774 sicut
1021 3709 1199 3774 retroactis
1225 3709 1434 3794 temporibus

284 3818 357 3864 esse
378 3795 564 3862 consuevit.
609 3796 655 3861 111
678 3795 721 3860 ab
745 3795 1003 3880 Edwynestrem
1026 3795 1237 3862 ascendendo
1260 3815 1367 3880 usque
1392 3797 1435 3862 ad

285 3882 467 3984 Lambelep
491 3903 533 3948 ex
559 3887 655 3968 parte
681 3881 824 3947 australi
854 3885 889 3947 et
914 3903 1021 3967 usque
1050 3882 1244 3969 Botylaund
1270 3889 1435 3969 exparte

283 3968 411 4036 boreali
425 3973 497 4035 s1nt
511 3970 571 4035 isti
585 3969 742 4036 custodes
764 3971 800 4034 et
821 3969 947 4035 visores
970 3969 1059 4054 quod
1075 3970 1223 4056 provisio
1238 3970 1306 4035 ista
1320 3972 1434 4036 tenea-

283 4064 352 4138 tur,
373 4056 513 4138 scilicet,
535 4056 706 4122 Robertus
729 4057 771 4121 (16
796 4055 1049 4137 Throlrkelavva
1072 4057 1218 4122 Thomas
1244 4057 1286 4123 16
1312 4057 1435 4143 Dyvel-

283 4149 393 4226 eston,
410 4145 557 4209 Thomas
580 4143 622 4209 de
642 4143 898 4229 Blencheshop',
916 4146 952 4209 et
966 4144 1134 4211 Robertus
1150 4145 1192 4210 de
1214 4143 1432 4212 Bottelaund.

283 4233 327 4297 In
349 4231 566 4316 longitndine
602 4231 643 4296 de
672 4231 854 4316 Wanspylr
887 4229 958 4296 sint
994 4229 1056 4296 isti
1090 4231 1259 4312 custodes,
1294 4232 1434 4313 scilicet,

285 4318 458 4384 Walterus
487 4318 529 4385 de
559 4317 744 4399 Oambhou,
773 4317 948 4384 (tilbertus
977 4318 1019 4383 de
1049 4317 1169 4404 Oggel,
1198 4320 1353 4405 Rogerus
1390 4319 1432 4386 16

285 4405 565 4492 Woderyugton’,
590 4410 625 4471 et
648 4404 849 4490 Radulphne
874 4405 915 4471 16
935 4405 1118 4490 Esyuden'.
1162 4405 1435 4492 Inlongitudine

284 4491 886 4575 1606161,66111661,160611611111(
908 4513 1013 4579 nsque
1034 4493 1163 4574 Cohou,
1185 4494 1256 4558 sint
1276 4494 1337 4559 isti
1359 4515 1433 4560 cus-
