3278 5104
376 487 491 536 Assrzu
513 486 613 544 Βοιὼ,
636 485 976 545 uouruuuauausuu
1000 467 1042 528 40
1067 485 1226 528 suurn.
1344 463 1384 528 75

228 639 441 706 Willelmum
457 641 498 705 de
514 639 687 704 Valeneia.
734 640 780 703 Et
796 638 936 704 willata¹
953 639 995 703 da
1010 638 1178 722 Ruwebyr
1201 658 1270 701 uon
1295 637 1386 724 cepit

226 728 426 814 praedictum
440 728 638 807 Robertum,
655 726 733 792 ideo
748 726 784 789 in
799 725 884 791 mis’.

293 858 344 924 De
368 857 520 936 indictis,
537 856 656 920 dieunt
676 857 767 940 quod
782 856 938 940 Edgerus
954 856 995 919 de
1017 855 1196 920 Keratern'
1213 855 1386 920 subtraxit

228 965 264 1010 se
278 966 340 1029 pro
355 943 547 1028 suspicione
559 943 742 1007 latrocinii.
784 943 831 1007 Et
842 941 1013 1026 juratores
1025 945 1201 1006 testantur
1212 943 1303 1026 quod
1317 964 1386 1007 non

229 1031 470 1098 mulsereditur
485 1031 527 1094 de
551 1029 666 1114 aliquo
691 1030 883 1096 malefacto.
929 1028 1011 1094 Ideo
1036 1029 1153 1095 redeat
1177 1029 1207 1093 si
1230 1029 1387 1110 voluerit,

227 1122 279 1184 set
295 1117 420 1184 satalia
434 1117 510 1203 ejus
526 1119 756 1182 confiscantur
771 1116 944 1202 profuga.
990 1115 1095 1180 Nulla
1111 1115 1232 1181 habuit
1248 1117 1384 1182 catalla.

376 1317 531 1384 Vmuffl
552 1339 599 1382 DF.
621 1317 903 1383 Nuuuunmums'
918 1338 1023 1382 vum
1046 1337 1112 1382 Pan
1135 1323 1241 1382 XIJ‘ffl.

292 1427 344 1496 De
359 1430 448 1497 vinis
464 1430 621 1512 venditis,
637 1430 758 1497 dieunt
772 1432 863 1514 quod
877 1430 1037 1511 Thomas,
1054 1429 1203 1496 serviens
1214 1429 1334 1494 vicarii
1344 1429 1385 1495 de

233 1517 440 1599 Wodehorn,
457 1518 613 1584 vendidit
626 1519 743 1583 uiuum
759 1521 877 1584 contra
891 1517 1045 1598 assisam,
1061 1517 1139 1582 ideo
1153 1518 1190 1582 iu
1205 1516 1292 1582 mis’.

236 1663 239 1668 “
295 1647 347 1714 De
376 1647 472 1713 novis
502 1646 806 1714 consuetudinibus
832 1646 965 1727 levatis,
995 1648 1117 1712 dicunt
1146 1648 1236 1731 quod
1270 1645 1387 1712 ballivi

229 1733 394 1799 willelmi
423 1735 465 1801 de
494 1734 657 1800 Valenuia
687 1733 828 1819 sapiunt
862 1733 1072 1800 theolouium
1110 1734 1151 1798 de
1190 1733 1384 1800 hominibus

232 1822 446 1887 venientibus
461 1822 505 1885 ad
520 1825 706 1887 mercatum
723 1823 765 1886 de
780 1821 969 1906 Oorbrigg',
982 1842 1043 1905 pro
1060 1820 1229 1906 stallagio,
1247 1821 1386 1900 scilicet,

232 1909 274 1974 de
289 1908 451 1993 quolibet,
463 1909 610 1989 obolum,
626 1909 685 1973 ubi
701 1929 819 1992 capere
835 1907 990 1972 solebant
1002 1908 1225 1991 quadrantem
1239 1913 1385 1973 tantum.

232 1996 363 2060 Dicunt
392 1995 496 2061 stiam
528 1997 617 2079 quod
648 1995 762 2060 ballivi
791 1995 961 2059 Johannis
1000 1997 1130 2078 Comyn
1167 1995 1308 2080 capiunt
1346 1995 1387 2058 de

233 2083 428 2147 hominibus
444 2083 503 2166 qui
517 2082 702 2147 transitum
716 2083 852 2146 faciunt
873 2101 934 2166 per
955 2081 1071 2144 villam
1095 2082 1137 2145 de
1161 2081 1389 2167 Neweburg’‚2

233 2170 455 2249 theolonium,
465 2169 606 2248 seilicet,
618 2170 658 2235 de
669 2169 820 2254 quolibet
838 2167 960 2253 equ0‚j
980 2168 1127 2248 obolum,
1138 2168 1197 2233 ubi
1213 2190 1388 2252 nunquam

234 2255 365 2341 aliquid
381 2276 501 2341 capere
516 2256 683 2322 solebant.
729 2256 812 2320 Ideo
827 2255 907 2319 iude
921 2254 1138 2338 loquendum.

301 2386 354 2452 De
364 2385 483 2450 villata
499 2385 539 2451 de
554 2385 783 2476 Neubigging
798 2385 841 2449 da
857 2385 923 2451 fine
939 2406 1000 2449 suo
1015 2388 1098 2448 ante
1110 2383 1276 2469 judicium
1292 2385 1338 2469 xlj
1351 2385 1387 2450 s’.

302 2517 486 2600 Gregorius
511 2515 599 2580 tilius
619 2515 778 2600 Wympe‚
800 2513 974 2580 Waltarus
1000 2514 1032 2580 le
1059 2511 1191 2600 Long',¹
1204 2518 1239 2579 et
1267 2515 1389 2581 Petrus

236 2603 374 2669 Pollard
404 2603 599 2670 cecideruut
628 2602 670 2668 de
700 2601 847 2686 quodum
876 2600 1002 2666 batallo
1033 2605 1068 2665 et
1098 2601 1263 2667 submersi
1297 2605 1388 2666 sunt.

237 2691 361 2756 Nullus
374 2688 713 2756 indemaiacreditur.
755 2688 939 2768 iudicium,
953 2687 1191 2754 infortunium.
1233 2688 1391 2754 Preuium

236 2777 356 2844 butelli
371 2777 427 2862 viij
438 2777 475 2858 s’,
491 2777 580 2842 unde
595 2776 780 2842 vioauomes
796 2776 1009 2860 respondeat.

408 2966 564 3031 Vnum
588 2987 634 3031 uu
657 2965 878 3030 Oouuuaruuu
901 2985 1005 3028 vuum
1028 2985 1094 3028 rua
1117 2971 1224 3029 num.

303 3080 326 3144 J
327 3082 481 3144 uratoras
496 3081 704 3164 prasentant
719 3078 809 3163 quod
824 3076 962 3162 quidam
977 3076 1126 3143 Michasl
1140 3077 1182 3143 de
1197 3078 1334 3163 Anagos
1350 3080 1392 3145 de

236 3166 355 3232 Suooia
371 3166 496 3232 occidit
511 3167 676 3231 Thomam
692 3165 734 3230 da
746 3165 878 3250 Ayden'
894 3168 930 3229 et
944 3163 1094 3227 Alanum
1107 3164 1183 3228 Joel
1201 3163 1237 3227 in
1253 3166 1333 3230 villa
1348 3168 1391 3232 da

239 3253 437 3340 Corebrigg,
453 3261 489 3317 et
504 3255 623 3318 statim
638 3253 732 3338 fugit
747 3258 783 3317 st
807 3250 1056 3330 mulesreditur,
1072 3251 1148 3315 ideo
1172 3252 1333 3337 exigatur
1356 3258 1391 3319 at

239 3341 424 3425 utlagatur.
484 3340 646 3405 Nascitur
676 3340 717 3403 de
748 3338 881 3404 catallis
911 3339 998 3423 ejus,
1030 3337 1110 3422 quia
1139 3343 1320 3404 extraneus
1350 3342 1392 3406 ds

241 3430 369 3500 Sousia.
422 3427 467 3492 ut
492 3426 610 3491 villata
633 3427 675 3490 de
699 3425 887 3510 Cerebrigg
909 3445 979 3489 uon
1002 3424 1094 3509 capit
1118 3424 1240 3510 ipsum,
1257 3426 1333 3492 ideo
1357 3430 1395 3491 in

240 3514 326 3580 mis'.
371 3515 417 3578 Et
431 3517 597 3581 testatum
613 3517 666 3578 ast
681 3514 770 3597 quod
785 3513 876 3576 idem
891 3511 1038 3577 Michaal
1054 3511 1193 3595 reliquit
1207 3514 1277 3578 tres
1289 3533 1394 3598 equos

240 3606 320 3686 post
349 3602 472 3686 ipsum,
504 3621 587 3685 quos
617 3601 753 3664 iuratus
782 3599 862 3664 fuit.
919 3599 965 3663 Et
997 3598 1113 3663 ballivi
1150 3599 1315 3664 Willslmi
1352 3602 1394 3666 de

240 3688 403 3754 valencia
418 3691 581 3773 oeperunt
595 3687 773 3772 praediutos
789 3706 902 3770 equos,
919 3689 954 3752 et
973 3684 1050 3750 illos
1075 3685 1298 3751 detinuerunt
1320 3688 1394 3753 sina

240 3780 421 3841 warranto.
480 3775 637 3840 Precium
674 3795 837 3858 equorum
874 3772 909 3836 xl
919 3773 958 3853 s’,
993 3772 1084 3836 unde
1121 3772 1314 3839 Willelmus
1352 3776 1395 3842 de

241 3861 404 3928 Valenaia
417 3861 632 3947 respoudeat.

307 3985 483 4051 Juratores
524 3987 733 4071 prasentant
773 3982 861 4068 quod
903 3983 1079 4048 Johauues
1122 3983 1255 4048 Comin³
1302 3986 1395 4071 capit

240 4073 452 4138 theolonium
469 4073 559 4158 apud
574 4071 739 4155 Nauburg
754 4075 790 4135 et
801 4070 993 4135 Hahiaham
1006 4070 1048 4134 de
1060 4070 1255 4136 homiuibus
1267 4071 1396 4136 domini

277 4209 284 4242 ¹
302 4209 336 4260 In
348 4209 393 4261 tha
404 4209 514 4275 original
526 4207 579 4260 this
588 4209 610 4259 is
618 4208 713 4274 simply
722 4207 793 4270 witl',
878 4205 889 4236 ⁸
906 4207 978 4258 John
996 4207 1089 4258 Comiu
1100 4207 1151 4259 hud
1168 4211 1218 4258 tuo
1237 4224 1302 4268 sons,
1324 4209 1396 4261 John

243 4277 265 4329 it
277 4281 347 4328 must
356 4279 387 4328 bs
398 4277 439 4327 for
450 4277 552 4328 villata.
845 4273 937 4325 Oomin
949 4273 1033 4325 senior
1046 4275 1096 4324 and
1110 4275 1183 4326 John
1197 4274 1289 4325 Comiu
1300 4276 1398 4339 junior.

276 4341 286 4374 ²
303 4341 486 4410 Nauborough
496 4343 524 4394 in
537 4341 721 4407 N.w.1>iv.‚0r
733 4339 795 4392 'Pin-
845 4342 945 4392 Rubart
955 4341 1007 4391 and
1018 4340 1091 4392 Alica
1107 4340 1208 4392 utsrius
1225 4342 1330 4393 brother
1346 4344 1398 4394 und

241 4409 298 4463 dala
308 4410 399 4462 Wurd.
846 4407 933 4525 ειιιεγῦοτὶ
941 4407 968 4458 of
985 4407 1057 4536 ἄρξῃ
1076 4407 1168 4458 Coruin
1184 4406 1274 4473 junior
1293 4409 1360 4470 (Iter
1372 4411 1404 4476 os

882 4491 914 4524 ar
932 4489 976 4539 ,p.
988 4487 1025 4524 ιιι
1043 4513 1049 4525 .
