3272 5092
392 542 988 606 iesraaaom,1soarnuunuumwn‚
1014 523 1032 590 7
1056 545 1144 591 unw.
1167 544 1192 590 1.
1307 521 1367 588 271

221 696 450 779 Swineburme,
478 697 592 763 omnia
618 699 803 785 mesangia,
826 703 944 780 terras,
968 705 1077 785 prata,
1095 704 1129 765 et
1154 698 1318 776 redditus,
1335 700 1370 762 et

220 785 394 850 servitium
416 785 594 870 cujusdam
608 785 765 872 Agnetis,
782 786 859 851 filia
875 786 1034 853 Nicholai
1050 785 1239 872 Praepositi,
1255 785 1368 850 liberae

219 872 380 953 tenentis,
397 894 472 938 cum
499 872 716 958 pertinentiis
740 873 777 936 in
803 873 931 959 Iugeri,
948 896 1022 959 quae
1038 875 1208 938 Walterus
1233 874 1274 939 de
1290 872 1367 938 Ale·

218 959 358 1024 mannis
374 961 415 1027 de
430 960 503 1046 ipso
519 959 672 1025 Gilberto
687 959 809 1040 tenuit,
821 968 857 1025 et
870 981 931 1046 per
945 961 1107 1046 scriptum
1124 983 1222 1026 suum
1237 959 1367 1044 recing-

221 1047 391 1111 uatorium
407 1047 516 1113 eidem
532 1046 685 1113 Gilberto
700 1048 830 1112 remisit
846 1055 881 1112 et
904 1048 1124 1132 resingnavit‚
1142 1053 1177 1112 et
1192 1047 1281 1132 quod
1296 1047 1368 1131 ipse

221 1137 256 1198 et
271 1134 410 1199 herede·
426 1135 479 1199 sui
495 1133 827 1199 warrantizaverunt.
874 1135 972 1201 Unde
988 1135 1072 1201 dicit
1095 1136 1184 1220 quod
1203 1155 1265 1219 per
1285 1155 1369 1220 pree-

222 1221 349 1286 dictam
364 1227 494 1287 cartam
509 1222 610 1288 debet
626 1220 658 1286 ei
673 1221 923 1289 warrantizare.

285 1309 331 1372 Et
347 1308 520 1374 Gilbertus
536 1308 621 1374 dicit
642 1308 733 1392 quod
757 1308 830 1393 ipse
856 1331 924 1375 non
948 1314 1086 1374 tenetur
1111 1310 1143 1374 ei
1169 1307 1367 1394 praedictam

221 1395 358 1462 tertiam
373 1401 505 1480 partem
531 1417 592 1480 per
614 1395 807 1479 praedictam
830 1401 959 1462 cartam
974 1397 1005 1460 ei
1021 1397 1271 1475 warrantizare,
1289 1394 1368 1479 quia

222 1482 307 1549 dicit
321 1481 587 1568 quod-praedicta
602 1482 730 1567 Agnes,
746 1504 819 1566 qua
835 1483 871 1547 in
886 1484 1048 1570 praedicta
1063 1487 1156 1549 carta
1172 1483 1368 1547 nominatur

221 1575 257 1634 et
273 1591 362 1635 nunc
378 1591 463 1635 uxor
485 1569 638 1655 praedicti
664 1568 841 1654 Stephani,
858 1575 1010 1655 tempore
1037 1571 1259 1636 confectionis
1283 1589 1367 1654 praa-

221 1657 321 1722 dictae
343 1660 445 1723 oartae
467 1656 536 1721 fuit
561 1657 598 1719 in
624 1657 749 1721 seisina
774 1657 815 1722 de
838 1657 1008 1742 praedictis
1033 1658 1238 1724 tenementis
1264 1662 1302 1720 ut
1326 1655 1367 1719 de

221 1743 328 1809 libero
342 1748 538 1811 tenemento
554 1764 626 1824 suc,
642 1744 731 1810 unde
746 1744 878 1809 desieut
902 1745 974 1829 ipse
996 1745 1153 1812 feoffavit
1167 1743 1366 1829 pradictum

220 1831 243 1897 J
244 1831 414 1896 ohannem
425 1832 466 1898 de
482 1830 619 1896 servitio
631 1831 866 1916 predictorum
882 1836 1164 1911 tenementorum,
1176 1830 1367 1916 recipiendo

220 1940 280 2003 per
295 1940 415 1982 mainus
430 1918 536 2004 ipsius
551 1917 731 2004 Angnetis‚
748 1922 784 1982 et
807 1921 878 2004 ipae
902 1925 1002 1985 vocat
1027 1921 1139 2006 ipsum
1162 1919 1205 1983 ad
1221 1937 1367 1982 warran-

219 2009 294 2070 tum
310 2005 472 2070 delibero
488 2009 683 2072 tenemento
698 2025 775 2070 cum
794 2010 927 2071 tantum
944 2007 1116 2092 obligatur
1130 2005 1367 2071 warrantizare

220 2093 329 2158 eidem
344 2092 496 2158 Johanni
523 2093 699 2157 servitium
721 2092 958 2177 praedictorum
982 2099 1264 2170 tenementorum,
1280 2091 1367 2178 petit

219 2179 395 2265 judicium,
412 2180 441 2245 si
456 2181 501 2244 ad
517 2181 716 2245 warentiam
731 2179 828 2244 liberi
844 2181 1030 2248 tenementi
1047 2180 1228 2246 eorundem
1244 2179 1366 2243 debeat

219 2289 279 2352 per
294 2273 422 2333 cartam
437 2267 530 2332 illam
546 2266 701 2352 obligari,
717 2270 780 2331 etc.

284 2355 330 2419 at
345 2355 367 2418 J
369 2355 520 2421 ohannes
536 2354 619 2420 bene
634 2354 809 2438 cognoscit
825 2355 913 2438 quod
939 2355 1121 2439 pradictus
1139 2354 1308 2418 Walterus
1324 2353 1365 2416 de

221 2462 286 2527 quo
301 2442 463 2528 praedicta
477 2441 618 2526 Angues
638 2441 753 2507 tenuit
774 2441 936 2525 praedicta
957 2447 1154 2508 tenementa
1180 2442 1223 2504 ad
1249 2439 1365 2504 termi-

220 2551 299 2593 num
326 2530 405 2593 vitae
428 2529 536 2613 ipsius
560 2527 731 2612 Angnetis
757 2528 913 2594 reddidit
940 2530 1101 2614 proedicto
1125 2529 1289 2607 eilberto,
1313 2530 1366 2592 set

219 2616 407 2700 dicitquod
423 2619 502 2680 ante
518 2615 743 2679 redditionem
770 2614 863 2679 illam
886 2617 1047 2700 praedicta
1062 2618 1202 2702 Angues
1218 2614 1367 2679 reddidit

217 2704 377 2790 praedicte
413 2707 609 2768 tenemento
645 2702 736 2766 unde
766 2703 928 2787 praedicta
962 2704 1114 2769 Hawisia
1146 2703 1245 2768 modo
1278 2700 1366 2786 petit

216 2791 355 2856 tertiam
385 2793 528 2876 partem,
554 2788 702 2853 reddidit
726 2789 842 2853 eadem
866 2795 1062 2856 tenementa
1090 2791 1251 2876 praedicto
1277 2788 1366 2852 Wal-

195 2878 300 2957 tere,
329 2883 363 2942 et
388 2877 477 2941 idem
509 2875 682 2940 Walterus
717 2881 898 2960 postquam
931 2877 1074 2962 adeptus
1105 2877 1174 2941 fuit
1206 2876 1365 2941 seieinarn

216 2964 450 3051 praedictorum
495 2965 766 3028 tenementorum
807 2984 868 3048 per
901 2964 1126 3030 redditionem
1163 2964 1255 3028 illam
1294 2961 1366 3026 red-

217 3053 305 3116 didit
334 3050 495 3136 praedicto
516 3049 670 3114 Gilberto
694 3050 810 3114 eedem
835 3055 1032 3116 tenementa
1064 3051 1241 3116 simuloum
1271 3054 1366 3114 tene-

216 3139 342 3204 mentis
380 3137 416 3201 in
460 3137 576 3201 eadem
622 3139 717 3200 carta
762 3138 943 3202 contentis.
1020 3139 1120 3204 Unde
1157 3139 1240 3202 dicit
1277 3136 1366 3219 quod

215 3226 396 3311 praedictus
427 3223 599 3290 Gilbertus
630 3223 684 3287 die
709 3244 774 3307 quo
801 3224 908 3308 ipsam
935 3225 1102 3305 feoffavit,
1129 3225 1199 3289 fuit
1229 3225 1365 3288 seieitus

216 3313 379 3380 delibero
395 3316 589 3376 tenemento
603 3308 841 3394 praedictorum
857 3315 1140 3391 tenementorum,
1155 3312 1245 3376 unde
1262 3309 1366 3375 tertia

215 3421 293 3486 pars
309 3399 407 3462 modo
422 3397 562 3482 petitur.
609 3397 654 3460 Et
669 3397 758 3481 quod
774 3397 825 3460 ita
852 3398 897 3461 sit
922 3398 1021 3484 ponit
1042 3421 1077 3465 se
1093 3420 1193 3548 super
1208 3398 1364 3482 patriam.

217 3489 263 3550 Et
278 3486 451 3552 Gilbertus
473 3483 640 3548 similiter.
686 3483 768 3549 Ideo
783 3484 845 3548 fiat
861 3485 940 3550 inde
954 3487 1080 3570 jurata.
1155 3489 1251 3549 osten
1270 3484 1366 3550 veuit

215 3573 395 3659 praedictus
412 3573 430 3634 J
435 3571 600 3650 ohannes3
624 3573 804 3635 resortitur
819 3571 860 3635 de
878 3573 1058 3636 narrantia
1072 3571 1142 3637 illa.
1188 3571 1270 3637 Ideo
1284 3593 1367 3655 prae-

116 3727 118 3732 ,
216 3661 328 3725 dictus
360 3658 532 3724 (tilbertus
559 3657 638 3723 inde
668 3658 741 3721 sine
765 3657 828 3722 die.
889 3659 934 3723 Et
964 3660 1124 3744 praedicta
1152 3659 1304 3723 Hawisia
1331 3662 1367 3722 et

215 3748 390 3812 Johannes
406 3745 601 3810 concordati
617 3749 697 3809 aunt
713 3766 774 3828 per
799 3744 984 3810 licentiam.
1031 3747 1077 3810 Et
1102 3746 1278 3810 Johaoues
1306 3746 1365 3809 dat

216 3834 393 3898 dimidiam
418 3833 460 3895 m'
485 3853 546 3917 pro
572 3831 711 3895 licentia
736 3833 972 3896 concordandi.
1033 3833 1078 3897 Et
1106 3838 1159 3897 est
1185 3832 1365 3898 concordia

215 3921 295 3988 talis
308 3921 395 4004 quod
412 3919 592 4004 praedictus
605 3919 626 3982 J
628 3919 778 3983 ohannes
795 3919 908 3983 reddit
924 3920 1117 4004 praedictam
1136 3921 1274 3984 tertiam
1290 3941 1365 4003 par-

216 4015 286 4073 tem
300 4007 454 4093 praedicti
469 4006 656 4072 tenementi
671 4004 839 4089 praedicta
858 4006 1027 4087 Hawisiae‚
1039 4007 1225 4072 tenendum
1238 4007 1280 4071 de
1291 4007 1365 4090 ipso

219 4101 291 4160 tota
307 4095 377 4158 vita
391 4094 499 4178 ipsius
516 4092 674 4157 Hawisioe
689 4092 825 4158 nomine
842 4094 942 4173 dotis,
960 4098 1024 4160 etc.

282 4265 393 4330 David
411 4264 499 4329 filius
524 4264 671 4330 Gilberti
693 4263 724 4331 le
751 4264 808 4328 siz
835 4265 920 4330 Kew
944 4267 1032 4350 petit
1049 4288 1165 4331 versus
1182 4265 1364 4330 Ricardum

215 4352 323 4417 filium
345 4351 483 4417 Ricardi
507 4352 547 4418 de
574 4351 781 4416 Bottelaund
806 4352 874 4416 tria
900 4354 1084 4439 mesuagio,
1100 4353 1223 4438 viginti
1238 4360 1274 4416 et
1288 4357 1365 4417 octo

216 4461 311 4504 acras
335 4443 432 4503 terrae
446 4459 524 4504 cum
539 4438 757 4523 pertiuentiis
778 4439 812 4502 in
832 4439 992 4524 Birteley,
1010 4447 1050 4504 nt
1072 4441 1128 4526 jus
1145 4461 1254 4518 suum,
1271 4443 1306 4503 et
1329 4440 1365 4502 in

216 4549 289 4614 quae
304 4527 393 4592 idem
410 4525 576 4592 Ricardus
592 4546 660 4589 non
676 4526 780 4592 habet
803 4526 992 4612 ingressum
1016 4527 1082 4593 nisi
1108 4549 1167 4612 per
1182 4525 1364 4592 Ricardum
