3278 5104
268 532 333 598 114
418 553 531 599 assmn
555 554 651 614 noun,
676 552 1013 614 roccamartina
1035 531 1079 598 to
1102 551 1184 596 nnn.
1208 552 1263 598 111.

269 709 397 793 primus
412 709 579 789 inventor,
595 706 690 773 venit
705 711 740 772 et
754 728 824 772 non
839 707 1085 774 maiccreditur.
1130 706 1177 772 Et
1199 705 1290 772 idem
1305 704 1419 792 Hugo,

270 796 388 860 statim
415 799 594 881 postquam
623 794 714 860 idem
744 794 938 860 Willelmus
962 794 1160 859 vulneratus
1183 793 1265 874 fuit,
1295 792 1421 859 levavit

269 882 452 963 hutesium,
476 895 512 947 et
533 882 653 948 villata
666 882 709 948 de
733 881 906 948 Stanfoni'
929 903 999 946 non
1021 883 1111 966 cepit
1132 880 1257 966 ipsum,
1280 880 1357 945 ideo
1382 880 1419 944 in

268 970 355 1036 mis'.
402 971 448 1034 Et
477 970 711 1057 Ryningtcn',¹
737 969 925 1050 Emeldon'‚
951 972 987 1034 et
1013 968 1148 1054 Howyk
1173 987 1242 1033 non
1263 966 1421 1034 fecerunt

271 1062 411 1139 sectam,
426 1056 502 1122 ideo
517 1057 554 1121 in
569 1057 657 1122 mis'.

335 1201 464 1268 Domus
478 1202 562 1266 Adae
577 1201 639 1266 filii
654 1201 790 1266 'l'homoe
804 1200 846 1268 de
861 1201 990 1287 Magna
1004 1200 1157 1266 Houton’
1181 1199 1329 1285 burgate
1350 1199 1420 1264 fuit

269 1310 330 1376 per
353 1289 589 1356 malefactores
611 1289 757 1375 ignotos,
783 1290 842 1373 qui
860 1289 972 1374 ipsum
994 1289 1199 1374 ligaverunt,
1215 1292 1250 1353 et
1273 1287 1361 1352 bona
1383 1289 1420 1351 in

269 1377 386 1442 eadem
408 1375 548 1442 inventa
577 1379 843 1461 asportaverunt.
900 1376 1061 1442 Nascitur
1084 1377 1142 1460 qui
1165 1375 1318 1440 fuerunt.
1373 1375 1420 1439 Et

269 1464 441 1551 Margeria
463 1463 534 1528 filia
552 1462 708 1543 Walteri,
724 1463 835 1548 prima
856 1463 1038 1543 inventrix,
1061 1463 1155 1528 venit
1170 1465 1206 1527 et
1228 1483 1296 1527 non
1318 1463 1421 1528 male-

270 1550 430 1617 creditur.
475 1551 521 1614 Et
546 1551 663 1616 eadem
687 1551 858 1634 Margeria
885 1551 1004 1615 statim
1027 1549 1152 1615 levavit
1175 1548 1360 1630 hutesium,
1384 1553 1419 1616 et

269 1638 388 1704 villata
410 1638 452 1703 de
476 1638 604 1723 Magna
627 1638 794 1703 Houton’2
815 1658 885 1703 non
905 1637 990 1703 fecit
1012 1640 1151 1718 sectam,
1173 1637 1249 1702 ideo
1272 1637 1310 1701 in
1332 1637 1418 1702 mis'.

269 1725 315 1790 Et
329 1725 447 1791 villata
461 1725 503 1790 de
519 1724 709 1810 Lescebyr'³
725 1724 882 1790 similiter
896 1725 933 1788 in
948 1724 1025 1790 mis'
1040 1745 1101 1809 pro
1116 1724 1245 1790 eadem.

333 1863 523 1930 Alexander
551 1863 639 1944 Oot',
670 1861 810 1950 ligando
841 1863 1009 1948 quandam
1035 1884 1172 1930 vaccam
1201 1864 1238 1927 in
1267 1861 1348 1928 villa
1377 1861 1419 1929 de

269 1950 434 2036 Folebyr’‚
451 1971 626 2036 percussus
648 1950 718 2014 fuit
741 1971 845 2016 cornu
868 1950 1022 2035 ejusdem
1045 1972 1154 2017 vaccae
1173 1951 1210 2014 in
1226 1956 1353 2031 ventre,
1369 1949 1420 2014 ita

268 2039 358 2122 quod
382 2039 475 2102 inim
500 2037 559 2122 viij
587 2037 658 2102 dies
683 2042 804 2122 postea
825 2038 903 2103 inde
926 2037 1022 2103 obiit.
1068 2037 1191 2103 Nuilus
1214 2037 1293 2103 inde
1316 2036 1419 2101 male·

268 2124 426 2190 creditur.
494 2124 679 2204 Judicium,
710 2125 949 2190 infortunium.
1016 2125 1172 2191 Precinm
1202 2145 1309 2191 vacca
1338 2127 1420 2205 vc',⁴

267 2213 358 2277 unde
387 2213 572 2278 vicecomes
601 2213 812 2297 respondeat.
871 2212 917 2276 Et
948 2211 1065 2277 villata
1095 2213 1136 2279 de
1166 2211 1320 2298 Folebyr'
1351 2233 1418 2277 non

267 2299 361 2365 venit
376 2300 419 2364 ad
434 2299 739 2385 presentationem,
754 2299 831 2365 ideo
847 2298 883 2362 in
898 2299 985 2365 mis’.

333 2445 479 2528 Quidam
504 2449 686 2512 extraneus
716 2445 876 2511 inventus
905 2445 975 2509 init
1005 2446 1134 2512 occisus
1164 2446 1202 2510 in
1231 2466 1349 2531 campo
1377 2445 1420 2511 dc

268 2532 471 2599 Middelton'
483 2532 630 2600 Thomas
644 2533 712 2617 (sic)
726 2532 840 2618 plures
854 2533 984 2599 habens
998 2533 1129 2619 plagas.
1171 2534 1319 2600 Thomas
1328 2532 1419 2598 filius

268 2619 421 2700 Uctredi,
447 2623 577 2705 primus
607 2620 776 2700 inventor,
808 2621 903 2685 venit
927 2624 962 2685 et
986 2641 1055 2686 non
1077 2620 1324 2686 malcereditur.
1373 2620 1419 2685 Et

267 2707 437 2793 juratores
464 2708 583 2773 dicunt
612 2708 703 2792 quod
732 2707 964 2773 malecmdmt
986 2709 1178 2773 Johannem
1200 2709 1232 2774 le
1255 2708 1363 2794 Long’
1387 2708 1419 2772 le

267 2795 339 2859 Rus
363 2795 405 2861 de
427 2795 593 2860 Wollour’
610 2795 652 2861 de
675 2799 785 2859 morte
806 2795 988 2880 praedicta3
1012 2795 1198 2862 substraxit
1213 2815 1248 2860 se
1263 2799 1300 2861 et
1314 2795 1418 2862 male·

267 2881 425 2962 creditur,
448 2881 525 2947 idco
548 2882 707 2968 exigatur
733 2889 768 2947 et
795 2880 980 2968 utlagatur.
1026 2883 1129 2948 Nulla
1147 2883 1268 2950 habuit
1284 2882 1417 2949 catalla.

266 2969 313 3032 Et
354 2968 535 3054 pradictus
581 2968 728 3035 Thomas
764 2969 890 3034 levavit
926 2969 1110 3050 hutesium‚
1148 2976 1183 3037 et
1219 2970 1340 3036 villata
1376 2969 1418 3035 de

266 3055 471 3121 Middclton'
486 3056 549 3121 Th'
568 3057 636 3141 (sic)
654 3078 724 3121 non
738 3056 823 3122 fecit
839 3060 977 3137 sectam,
994 3057 1068 3122 ideo
1083 3057 1120 3122 in
1135 3059 1222 3124 mis’.

333 3193 507 3260 Walterus
531 3193 622 3260 filius
647 3193 784 3259 Thomae
813 3195 982 3279 percussit
1011 3195 1241 3261 Aiexandrum
1273 3195 1353 3262 Scct
1382 3195 1420 3259 in

266 3282 366 3347 domo
380 3282 522 3346 Roberti
537 3282 579 3348 de
601 3281 790 3368 Prudewyk
806 3281 949 3366 quodam
972 3283 1050 3367 paio
1065 3283 1238 3370 incapite,
1256 3284 1306 3349 ita
1328 3283 1420 3369 quod

266 3370 385 3434 statim
400 3368 480 3434 inde
496 3368 591 3434 obiit.
645 3370 692 3433 Et
706 3368 879 3435 Waltcrus
901 3369 994 3455 fugit
1016 3373 1051 3437 et
1073 3371 1319 3451 malecreditur,
1343 3371 1419 3436 ideo

267 3456 425 3541 exigatur
451 3458 486 3521 et
509 3456 695 3541 utlagatur.
756 3455 889 3522 Oatalla
911 3456 987 3541 ejus
1010 3457 1043 3544 vj
1055 3457 1092 3538 ε’,
1115 3459 1205 3524 unde
1234 3458 1418 3525 vicecomes

266 3565 319 3610 res
365 3544 478 3609 ndeat.
538 3543 585 3608 Et
607 3543 733 3608 villata
758 3542 800 3610 de
825 3542 1018 3610 Middelton
1041 3545 1205 3627 Australi,
1230 3545 1417 3626 Lilleburn,

267 3632 302 3695 et
346 3629 555 3696 aldemerton
571 3650 640 3694 non
655 3634 822 3696 venerunt
836 3629 936 3715 plene
950 3633 993 3697 ad
1009 3631 1276 3717 inquisitionem.

333 3769 507 3837 iohannes
544 3768 676 3835 Schaft'
713 3767 880 3855 percussit
915 3769 1105 3835 Jordanum
1140 3770 1182 3837 de
1219 3769 1419 3838 Cludesdaie

268 3857 412 3943 quodam
427 3857 546 3922 baculo
562 3857 737 3943 incapite,
753 3857 805 3921 ita
827 3857 916 3940 quod
936 3858 1053 3923 statim
1076 3863 1197 3943 postea
1218 3859 1298 3924 inde
1320 3858 1417 3926 obiit.

266 3945 313 4011 Et
327 3945 351 4009 J
352 3945 502 4009 ohannes
518 3946 638 4009 statim
659 3944 753 4031 fugit
775 3948 811 4012 et
833 3944 1083 4026 malecreditur,
1105 3945 1182 4013 ideo
1204 3947 1361 4031 exigatur
1374 3949 1419 4012 ct

269 4031 451 4116 utlagetur.
496 4030 630 4097 Cataila
640 4031 714 4117 ejus
728 4032 830 4118 xxxvj
844 4031 881 4111 ε’,
903 4032 992 4097 unde
1007 4033 1189 4099 vicecomes
1205 4034 1419 4119 respondeat.

267 4121 314 4186 ut
341 4119 515 4184 Johannes
540 4119 622 4184 Scot
646 4118 687 4184 de
715 4119 835 4186 Schele
857 4119 1067 4185 attachiatns
1090 4141 1129 4184 eo
1152 4121 1241 4205 quod
1270 4142 1418 4208 prasens

267 4207 348 4288 fuit,
364 4205 458 4271 venit
474 4211 508 4272 et
522 4226 591 4271 non
606 4206 855 4288 malcoreditur,
873 4210 925 4273 set
939 4205 1019 4291 quia
1040 4228 1110 4273 non
1134 4207 1224 4294 cepit
1238 4229 1326 4291 eum,
1341 4210 1419 4275 ideo

301 4421 311 4454 ¹
327 4421 486 4542 Raninpttpn,
495 4421 820 4485 Embletomsndflowiclr.
897 4421 909 4454 ³
925 4421 1045 4490 Iacobury
1055 4423 1083 4474 in
1095 4423 1244 4492 Bamburgh
1256 4426 1344 4480 Ward.

301 4487 312 4520 ²
329 4489 410 4556 Houg

268 4556 369 4611 pm
456 4505 474 4541 n
519 4489 547 4540 in
609 4489 821 4556 Longhoughton
898 4489 960 4542 ⁴Iu
972 4489 1073 4557 margin
1085 4493 1304 4547 redamare.

291 4573 307 4609 a

1633 3161 1637 3266 1

1633 3449 1637 3576 i
