<?xml version="1.0" encoding="UTF-8"?>
<!DOCTYPE html PUBLIC "-//W3C//DTD XHTML 1.0 Transitional//EN"
    "http://www.w3.org/TR/xhtml1/DTD/xhtml1-transitional.dtd">
<html xmlns="http://www.w3.org/1999/xhtml" xml:lang="en" lang="en">
 <head>
  <title>
</title>
<meta http-equiv="Content-Type" content="text/html;charset=utf-8" />
  <meta name='ocr-system' content='tesseract 3.04.00' />
  <meta name='ocr-capabilities' content='ocr_page ocr_carea ocr_par ocr_line ocrx_word'/>
</head>
<body>
  <div class='ocr_page' id='page_1' title='image "./threeearlyassiz01pagegoog_0184.png"; bbox 0 0 3278 5104; ppageno 0'>
   <div class='ocr_carea' id='block_1_1' title="bbox 261 523 1257 603">
    <p class='ocr_par' dir='ltr' id='par_1_1' title="bbox 261 523 1257 603">
     <span class='ocr_line' id='line_1_1' title="bbox 261 523 1257 603; baseline -0.001 -15"><span class='ocrx_word' id='word_1_1' title='bbox 261 524 325 588; x_wconf 82' lang='lat'><strong>152</strong></span> <span class='ocrx_word' id='word_1_2' title='bbox 404 544 518 590; x_wconf 76' lang='lat' dir='ltr'><strong>rssrzr</strong></span> <span class='ocrx_word' id='word_1_3' title='bbox 540 543 641 603; x_wconf 75' lang='lat' dir='ltr'><strong>noun,</strong></span> <span class='ocrx_word' id='word_1_4' title='bbox 665 541 1005 603; x_wconf 77' lang='lat' dir='ltr'><strong>ronrnurrnnnnrrn,</strong></span> <span class='ocrx_word' id='word_1_5' title='bbox 1029 523 1178 588; x_wconf 70' lang='grc'>53111.</span> <span class='ocrx_word' id='word_1_6' title='bbox 1202 542 1257 587; x_wconf 85' lang='lat'>111.</span> 
     </span>
    </p>
   </div>
   <div class='ocr_carea' id='block_1_2' title="bbox 263 692 1416 2440">
    <p class='ocr_par' dir='ltr' id='par_1_2' title="bbox 263 692 1413 1830">
     <span class='ocr_line' id='line_1_2' title="bbox 265 692 1411 780; baseline -0.005 -17"><span class='ocrx_word' id='word_1_7' title='bbox 265 697 457 764; x_wconf 78' lang='lat' dir='ltr'><strong>Gilbertum</strong></span> <span class='ocrx_word' id='word_1_8' title='bbox 479 697 586 763; x_wconf 88' lang='lat' dir='ltr'><strong>filium</strong></span> <span class='ocrx_word' id='word_1_9' title='bbox 602 695 745 762; x_wconf 88' lang='lat' dir='ltr'><strong>Walteri</strong></span> <span class='ocrx_word' id='word_1_10' title='bbox 761 701 796 763; x_wconf 89' lang='lat' dir='ltr'><strong>et</strong></span> <span class='ocrx_word' id='word_1_11' title='bbox 813 697 837 763; x_wconf 85' lang='lat' dir='ltr'><strong>J</strong></span> <span class='ocrx_word' id='word_1_12' title='bbox 837 696 1005 763; x_wconf 79' lang='lat' dir='ltr'><strong>ohannem</strong></span> <span class='ocrx_word' id='word_1_13' title='bbox 1020 695 1128 762; x_wconf 90' lang='lat' dir='ltr'><strong>filium</strong></span> <span class='ocrx_word' id='word_1_14' title='bbox 1142 696 1237 776; x_wconf 76' lang='lat' dir='ltr'><strong>Adra,</strong></span> <span class='ocrx_word' id='word_1_15' title='bbox 1252 694 1329 760; x_wconf 88' lang='lat' dir='ltr'><strong>ideo</strong></span> <span class='ocrx_word' id='word_1_16' title='bbox 1343 692 1411 780; x_wconf 90' lang='lat' dir='ltr'><strong>ipsi</strong></span> 
     </span>
     <span class='ocr_line' id='line_1_3' title="bbox 263 781 1410 870; baseline -0.003 -22"><span class='ocrx_word' id='word_1_17' title='bbox 263 786 301 848; x_wconf 92' lang='lat' dir='ltr'><strong>in</strong></span> <span class='ocrx_word' id='word_1_18' title='bbox 326 785 413 851; x_wconf 89' lang='lat' dir='ltr'><strong>mis’.</strong></span> <span class='ocrx_word' id='word_1_19' title='bbox 459 786 505 850; x_wconf 84' lang='grc'><strong>111</strong></span> <span class='ocrx_word' id='word_1_20' title='bbox 531 785 687 870; x_wconf 76' lang='lat' dir='ltr'><strong>capiatur</strong></span> <span class='ocrx_word' id='word_1_21' title='bbox 708 785 816 850; x_wconf 82' lang='lat' dir='ltr'><strong>assisa</strong></span> <span class='ocrx_word' id='word_1_22' title='bbox 837 805 953 850; x_wconf 83' lang='lat' dir='ltr'><strong>versus</strong></span> <span class='ocrx_word' id='word_1_23' title='bbox 976 805 1032 850; x_wconf 92' lang='lat' dir='ltr'><strong>eos</strong></span> <span class='ocrx_word' id='word_1_24' title='bbox 1058 805 1117 870; x_wconf 90' lang='lat' dir='ltr'><strong>per</strong></span> <span class='ocrx_word' id='word_1_25' title='bbox 1145 783 1318 850; x_wconf 78' lang='lat' dir='ltr'><strong>defaltam.</strong></span> <span class='ocrx_word' id='word_1_26' title='bbox 1363 781 1410 846; x_wconf 78' lang='lat' dir='ltr'><strong>Et</strong></span> 
     </span>
     <span class='ocr_line' id='line_1_4' title="bbox 264 869 1410 958; baseline -0.004 -21"><span class='ocrx_word' id='word_1_27' title='bbox 264 873 402 956; x_wconf 89' lang='lat' dir='ltr'><strong>quidam</strong></span> <span class='ocrx_word' id='word_1_28' title='bbox 417 873 439 938; x_wconf 91' lang='lat' dir='ltr'><strong>J</strong></span> <span class='ocrx_word' id='word_1_29' title='bbox 441 873 591 939; x_wconf 88' lang='lat' dir='ltr'><strong>ohannes</strong></span> <span class='ocrx_word' id='word_1_30' title='bbox 607 872 649 937; x_wconf 93' lang='lat' dir='ltr'><strong>de</strong></span> <span class='ocrx_word' id='word_1_31' title='bbox 663 871 929 958; x_wconf 85' lang='lat' dir='ltr'><strong>Lythegreynes,</strong></span> <span class='ocrx_word' id='word_1_32' title='bbox 944 871 1088 937; x_wconf 72' lang='lat' dir='ltr'><strong>ballivus</strong></span> <span class='ocrx_word' id='word_1_33' title='bbox 1106 870 1258 956; x_wconf 74' lang='lat' dir='ltr'>praedicti</span> <span class='ocrx_word' id='word_1_34' title='bbox 1280 869 1303 934; x_wconf 88' lang='lat' dir='ltr'><strong>J</strong></span> <span class='ocrx_word' id='word_1_35' title='bbox 1304 869 1410 935; x_wconf 87' lang='lat' dir='ltr'><strong>ohan·</strong></span> 
     </span>
     <span class='ocr_line' id='line_1_5' title="bbox 265 955 1410 1046; baseline -0.002 -22"><span class='ocrx_word' id='word_1_36' title='bbox 265 961 319 1025; x_wconf 85' lang='lat' dir='ltr'><strong>nis</strong></span> <span class='ocrx_word' id='word_1_37' title='bbox 334 960 471 1046; x_wconf 86' lang='lat' dir='ltr'><strong>Paynel‚</strong></span> <span class='ocrx_word' id='word_1_38' title='bbox 488 959 580 1026; x_wconf 90' lang='lat' dir='ltr'><strong>venit</strong></span> <span class='ocrx_word' id='word_1_39' title='bbox 596 964 631 1027; x_wconf 91' lang='lat' dir='ltr'><strong>et</strong></span> <span class='ocrx_word' id='word_1_40' title='bbox 646 960 827 1045; x_wconf 81' lang='lat' dir='ltr'><strong>respondet</strong></span> <span class='ocrx_word' id='word_1_41' title='bbox 849 980 911 1043; x_wconf 89' lang='lat' dir='ltr'><strong>pro</strong></span> <span class='ocrx_word' id='word_1_42' title='bbox 933 980 983 1040; x_wconf 89' lang='lat' dir='ltr'><strong>eo,</strong></span> <span class='ocrx_word' id='word_1_43' title='bbox 1000 965 1035 1024; x_wconf 94' lang='lat' dir='ltr'><strong>et</strong></span> <span class='ocrx_word' id='word_1_44' title='bbox 1058 958 1142 1024; x_wconf 87' lang='lat' dir='ltr'><strong>dicit</strong></span> <span class='ocrx_word' id='word_1_45' title='bbox 1163 958 1253 1044; x_wconf 91' lang='lat' dir='ltr'><strong>quod</strong></span> <span class='ocrx_word' id='word_1_46' title='bbox 1275 955 1410 1043; x_wconf 90' lang='lat' dir='ltr'><strong>quidam</strong></span> 
     </span>
     <span class='ocr_line' id='line_1_6' title="bbox 265 1044 1412 1132; baseline -0.003 -20"><span class='ocrx_word' id='word_1_47' title='bbox 265 1048 435 1114; x_wconf 83' lang='lat' dir='ltr'><strong>Robertus</strong></span> <span class='ocrx_word' id='word_1_48' title='bbox 451 1048 598 1112; x_wconf 88' lang='lat' dir='ltr'><strong>Bubrom</strong></span> <span class='ocrx_word' id='word_1_49' title='bbox 613 1047 725 1111; x_wconf 89' lang='lat' dir='ltr'><strong>tenuit</strong></span> <span class='ocrx_word' id='word_1_50' title='bbox 739 1046 938 1132; x_wconf 74' lang='lat' dir='ltr'><strong>pradictum</strong></span> <span class='ocrx_word' id='word_1_51' title='bbox 953 1051 1183 1112; x_wconf 70' lang='lat' dir='ltr'><strong>tenementum</strong></span> <span class='ocrx_word' id='word_1_52' title='bbox 1199 1047 1241 1110; x_wconf 92' lang='lat' dir='ltr'><strong>de</strong></span> <span class='ocrx_word' id='word_1_53' title='bbox 1252 1044 1412 1130; x_wconf 73' lang='lat' dir='ltr'><strong>predicto</strong></span> 
     </span>
     <span class='ocr_line' id='line_1_7' title="bbox 265 1132 1412 1218; baseline -0.003 -18"><span class='ocrx_word' id='word_1_54' title='bbox 265 1135 433 1215; x_wconf 87' lang='lat' dir='ltr'><strong>Johanne,</strong></span> <span class='ocrx_word' id='word_1_55' title='bbox 458 1134 595 1199; x_wconf 92' lang='lat' dir='ltr'><strong>domino</strong></span> <span class='ocrx_word' id='word_1_56' title='bbox 619 1154 690 1213; x_wconf 85' lang='lat' dir='ltr'><strong>suc,</strong></span> <span class='ocrx_word' id='word_1_57' title='bbox 707 1141 743 1198; x_wconf 92' lang='lat' dir='ltr'><strong>et</strong></span> <span class='ocrx_word' id='word_1_58' title='bbox 765 1134 845 1198; x_wconf 90' lang='lat' dir='ltr'><strong>inde</strong></span> <span class='ocrx_word' id='word_1_59' title='bbox 869 1133 955 1199; x_wconf 89' lang='lat' dir='ltr'><strong>obiit</strong></span> <span class='ocrx_word' id='word_1_60' title='bbox 978 1133 1126 1213; x_wconf 90' lang='lat' dir='ltr'><strong>seisitus,</strong></span> <span class='ocrx_word' id='word_1_61' title='bbox 1149 1135 1184 1198; x_wconf 86' lang='lat' dir='ltr'><strong>et</strong></span> <span class='ocrx_word' id='word_1_62' title='bbox 1207 1132 1412 1218; x_wconf 89' lang='lat' dir='ltr'><strong>dicitquod,</strong></span> 
     </span>
     <span class='ocr_line' id='line_1_8' title="bbox 266 1220 1412 1307; baseline -0.003 -21"><span class='ocrx_word' id='word_1_63' title='bbox 266 1228 345 1307; x_wconf 88' lang='lat' dir='ltr'><strong>post</strong></span> <span class='ocrx_word' id='word_1_64' title='bbox 371 1223 543 1287; x_wconf 79' lang='lat' dir='ltr'><strong>decessum</strong></span> <span class='ocrx_word' id='word_1_65' title='bbox 569 1221 676 1306; x_wconf 89' lang='lat' dir='ltr'><strong>ipsius</strong></span> <span class='ocrx_word' id='word_1_66' title='bbox 705 1220 857 1300; x_wconf 86' lang='lat' dir='ltr'><strong>Roberti,</strong></span> <span class='ocrx_word' id='word_1_67' title='bbox 883 1220 1025 1286; x_wconf 84' lang='lat' dir='ltr'><strong>intravit</strong></span> <span class='ocrx_word' id='word_1_68' title='bbox 1054 1221 1143 1285; x_wconf 89' lang='lat' dir='ltr'><strong>idem</strong></span> <span class='ocrx_word' id='word_1_69' title='bbox 1172 1220 1346 1286; x_wconf 75' lang='lat' dir='ltr'><strong>lohannes</strong></span> <span class='ocrx_word' id='word_1_70' title='bbox 1376 1220 1412 1283; x_wconf 93' lang='lat' dir='ltr'><strong>in</strong></span> 
     </span>
     <span class='ocr_line' id='line_1_9' title="bbox 266 1305 1413 1395; baseline -0.003 -21"><span class='ocrx_word' id='word_1_71' title='bbox 266 1309 465 1395; x_wconf 83' lang='lat' dir='ltr'><strong>praedictum</strong></span> <span class='ocrx_word' id='word_1_72' title='bbox 487 1311 731 1388; x_wconf 82' lang='lat' dir='ltr'><strong>tenementum,</strong></span> <span class='ocrx_word' id='word_1_73' title='bbox 746 1311 910 1392; x_wconf 75' lang='lat' dir='ltr'><strong>tanquam</strong></span> <span class='ocrx_word' id='word_1_74' title='bbox 928 1307 1082 1393; x_wconf 88' lang='lat' dir='ltr'><strong>capitalis</strong></span> <span class='ocrx_word' id='word_1_75' title='bbox 1098 1307 1255 1372; x_wconf 90' lang='lat' dir='ltr'><strong>dominus</strong></span> <span class='ocrx_word' id='word_1_76' title='bbox 1269 1305 1363 1372; x_wconf 86' lang='lat' dir='ltr'><strong>feodi</strong></span> <span class='ocrx_word' id='word_1_77' title='bbox 1378 1309 1413 1373; x_wconf 90' lang='lat' dir='ltr'><strong>et</strong></span> 
     </span>
     <span class='ocr_line' id='line_1_10' title="bbox 267 1393 1412 1480; baseline -0.003 -18"><span class='ocrx_word' id='word_1_78' title='bbox 267 1395 372 1463; x_wconf 88' lang='lat' dir='ltr'><strong>etiam</strong></span> <span class='ocrx_word' id='word_1_79' title='bbox 386 1397 519 1460; x_wconf 91' lang='lat' dir='ltr'><strong>ratione</strong></span> <span class='ocrx_word' id='word_1_80' title='bbox 535 1395 706 1474; x_wconf 87' lang='lat' dir='ltr'><strong>custodiae,</strong></span> <span class='ocrx_word' id='word_1_81' title='bbox 719 1395 798 1480; x_wconf 90' lang='lat' dir='ltr'><strong>quia</strong></span> <span class='ocrx_word' id='word_1_82' title='bbox 812 1395 992 1480; x_wconf 81' lang='lat' dir='ltr'><strong>praedictus</strong></span> <span class='ocrx_word' id='word_1_83' title='bbox 1008 1395 1175 1462; x_wconf 85' lang='lat' dir='ltr'><strong>Robertns</strong></span> <span class='ocrx_word' id='word_1_84' title='bbox 1192 1393 1312 1460; x_wconf 89' lang='lat' dir='ltr'><strong>habuit</strong></span> <span class='ocrx_word' id='word_1_85' title='bbox 1327 1394 1412 1459; x_wconf 89' lang='lat' dir='ltr'><strong>duas</strong></span> 
     </span>
     <span class='ocr_line' id='line_1_11' title="bbox 267 1480 1413 1568; baseline -0.002 -22"><span class='ocrx_word' id='word_1_86' title='bbox 267 1483 355 1548; x_wconf 85' lang='lat' dir='ltr'><strong>filias</strong></span> <span class='ocrx_word' id='word_1_87' title='bbox 376 1504 448 1568; x_wconf 82' lang='lat' dir='ltr'><strong>quse</strong></span> <span class='ocrx_word' id='word_1_88' title='bbox 470 1489 553 1548; x_wconf 83' lang='lat' dir='ltr'><strong>tunc</strong></span> <span class='ocrx_word' id='word_1_89' title='bbox 577 1483 739 1567; x_wconf 90' lang='lat' dir='ltr'><strong>temporis</strong></span> <span class='ocrx_word' id='word_1_90' title='bbox 762 1483 903 1547; x_wconf 87' lang='lat' dir='ltr'><strong>fuerunt</strong></span> <span class='ocrx_word' id='word_1_91' title='bbox 925 1481 1019 1548; x_wconf 79' lang='lat' dir='ltr'><strong>inira</strong></span> <span class='ocrx_word' id='word_1_92' title='bbox 1045 1485 1190 1562; x_wconf 67' lang='lat' dir='ltr'><strong>etatem,</strong></span> <span class='ocrx_word' id='word_1_93' title='bbox 1218 1482 1307 1548; x_wconf 92' lang='lat' dir='ltr'><strong>unde</strong></span> <span class='ocrx_word' id='word_1_94' title='bbox 1329 1480 1413 1546; x_wconf 89' lang='lat' dir='ltr'><strong>dicit</strong></span> 
     </span>
     <span class='ocr_line' id='line_1_12' title="bbox 269 1568 1412 1657; baseline -0.002 -23"><span class='ocrx_word' id='word_1_95' title='bbox 269 1571 357 1657; x_wconf 91' lang='lat' dir='ltr'><strong>quod</strong></span> <span class='ocrx_word' id='word_1_96' title='bbox 374 1571 468 1634; x_wconf 91' lang='lat' dir='ltr'><strong>nulla</strong></span> <span class='ocrx_word' id='word_1_97' title='bbox 482 1569 661 1635; x_wconf 86' lang='lat' dir='ltr'><strong>disseisina</strong></span> <span class='ocrx_word' id='word_1_98' title='bbox 676 1569 707 1636; x_wconf 94' lang='lat' dir='ltr'><strong>ei</strong></span> <span class='ocrx_word' id='word_1_99' title='bbox 721 1571 816 1633; x_wconf 87' lang='lat' dir='ltr'><strong>facta</strong></span> <span class='ocrx_word' id='word_1_100' title='bbox 833 1574 886 1634; x_wconf 89' lang='lat' dir='ltr'><strong>est</strong></span> <span class='ocrx_word' id='word_1_101' title='bbox 908 1590 969 1655; x_wconf 87' lang='lat' dir='ltr'><strong>per</strong></span> <span class='ocrx_word' id='word_1_102' title='bbox 989 1570 1187 1655; x_wconf 78' lang='lat' dir='ltr'><strong>praedictum</strong></span> <span class='ocrx_word' id='word_1_103' title='bbox 1209 1568 1412 1634; x_wconf 86' lang='lat' dir='ltr'><strong>Johannem.</strong></span> 
     </span>
     <span class='ocr_line' id='line_1_13' title="bbox 268 1655 1413 1741; baseline -0.001 -19"><span class='ocrx_word' id='word_1_104' title='bbox 268 1658 315 1722; x_wconf 81' lang='lat' dir='ltr'><strong>Et</strong></span> <span class='ocrx_word' id='word_1_105' title='bbox 344 1659 517 1722; x_wconf 82' lang='lat' dir='ltr'><strong>lohannes</strong></span> <span class='ocrx_word' id='word_1_106' title='bbox 542 1657 582 1721; x_wconf 85' lang='lat' dir='ltr'><strong>de</strong></span> <span class='ocrx_word' id='word_1_107' title='bbox 608 1656 742 1741; x_wconf 87' lang='lat' dir='ltr'><strong>Iggell’,</strong></span> <span class='ocrx_word' id='word_1_108' title='bbox 771 1657 880 1721; x_wconf 86' lang='lat' dir='ltr'><strong>Adam</strong></span> <span class='ocrx_word' id='word_1_109' title='bbox 907 1656 948 1722; x_wconf 90' lang='lat' dir='ltr'><strong>de</strong></span> <span class='ocrx_word' id='word_1_110' title='bbox 978 1656 1145 1736; x_wconf 91' lang='lat' dir='ltr'><strong>Plessitis,</strong></span> <span class='ocrx_word' id='word_1_111' title='bbox 1172 1656 1341 1722; x_wconf 82' lang='lat' dir='ltr'><strong>Robertns</strong></span> <span class='ocrx_word' id='word_1_112' title='bbox 1372 1655 1413 1721; x_wconf 90' lang='lat' dir='ltr'><strong>de</strong></span> 
     </span>
     <span class='ocr_line' id='line_1_14' title="bbox 269 1743 1308 1830; baseline 0 -22"><span class='ocrx_word' id='word_1_113' title='bbox 269 1745 452 1826; x_wconf 87' lang='lat' dir='ltr'><strong>Hareden&#39;,</strong></span> <span class='ocrx_word' id='word_1_114' title='bbox 467 1743 705 1830; x_wconf 88' lang='lat' dir='ltr'><strong>recognitores,</strong></span> <span class='ocrx_word' id='word_1_115' title='bbox 721 1765 790 1808; x_wconf 92' lang='lat' dir='ltr'><strong>non</strong></span> <span class='ocrx_word' id='word_1_116' title='bbox 805 1747 981 1824; x_wconf 89' lang='lat' dir='ltr'><strong>venerunt,</strong></span> <span class='ocrx_word' id='word_1_117' title='bbox 997 1744 1073 1808; x_wconf 90' lang='lat' dir='ltr'><strong>ideo</strong></span> <span class='ocrx_word' id='word_1_118' title='bbox 1088 1743 1153 1828; x_wconf 91' lang='lat' dir='ltr'><strong>ipsi</strong></span> <span class='ocrx_word' id='word_1_119' title='bbox 1170 1743 1206 1807; x_wconf 88' lang='lat' dir='ltr'><strong>in</strong></span> <span class='ocrx_word' id='word_1_120' title='bbox 1223 1744 1308 1808; x_wconf 89' lang='lat' dir='ltr'><strong>mis&#39;.</strong></span> 
     </span>
    </p>

    <p class='ocr_par' dir='ltr' id='par_1_3' title="bbox 269 1830 1416 2346">
     <span class='ocr_line' id='line_1_15' title="bbox 334 1830 1414 1915; baseline 0 -20"><span class='ocrx_word' id='word_1_121' title='bbox 334 1832 355 1895; x_wconf 89' lang='lat' dir='ltr'>J</span> <span class='ocrx_word' id='word_1_122' title='bbox 358 1835 510 1896; x_wconf 87' lang='lat' dir='ltr'><strong>uratores</strong></span> <span class='ocrx_word' id='word_1_123' title='bbox 523 1831 640 1895; x_wconf 87' lang='lat' dir='ltr'><strong>dicunt</strong></span> <span class='ocrx_word' id='word_1_124' title='bbox 652 1851 752 1915; x_wconf 89' lang='lat' dir='ltr'><strong>super</strong></span> <span class='ocrx_word' id='word_1_125' title='bbox 763 1837 1011 1896; x_wconf 88' lang='lat' dir='ltr'><strong>sacramentum</strong></span> <span class='ocrx_word' id='word_1_126' title='bbox 1024 1851 1122 1895; x_wconf 89' lang='lat' dir='ltr'><strong>suum</strong></span> <span class='ocrx_word' id='word_1_127' title='bbox 1134 1831 1224 1915; x_wconf 92' lang='lat' dir='ltr'><strong>quod</strong></span> <span class='ocrx_word' id='word_1_128' title='bbox 1234 1830 1414 1915; x_wconf 71' lang='lat' dir='ltr'><strong>pradictus</strong></span> 
     </span>
     <span class='ocr_line' id='line_1_16' title="bbox 270 1917 1415 2003; baseline 0.001 -21"><span class='ocrx_word' id='word_1_129' title='bbox 270 1919 292 1982; x_wconf 87' lang='lat' dir='ltr'>J</span> <span class='ocrx_word' id='word_1_130' title='bbox 294 1919 445 1983; x_wconf 87' lang='lat' dir='ltr'><strong>ohannes</strong></span> <span class='ocrx_word' id='word_1_131' title='bbox 460 1923 496 1983; x_wconf 89' lang='lat' dir='ltr'><strong>et</strong></span> <span class='ocrx_word' id='word_1_132' title='bbox 511 1938 625 1982; x_wconf 90' lang='lat' dir='ltr'><strong>omnes</strong></span> <span class='ocrx_word' id='word_1_133' title='bbox 643 1917 702 1982; x_wconf 90' lang='lat' dir='ltr'><strong>alii</strong></span> <span class='ocrx_word' id='word_1_134' title='bbox 723 1917 957 1984; x_wconf 85' lang='lat' dir='ltr'><strong>disseisierunt</strong></span> <span class='ocrx_word' id='word_1_135' title='bbox 973 1917 1170 2003; x_wconf 68' lang='lat' dir='ltr'><strong>praedictum</strong></span> <span class='ocrx_word' id='word_1_136' title='bbox 1185 1917 1353 1983; x_wconf 81' lang='lat' dir='ltr'><strong>Abbstem</strong></span> <span class='ocrx_word' id='word_1_137' title='bbox 1373 1917 1415 1983; x_wconf 92' lang='lat' dir='ltr'><strong>de</strong></span> 
     </span>
     <span class='ocr_line' id='line_1_17' title="bbox 269 2004 1415 2092; baseline -0.003 -22"><span class='ocrx_word' id='word_1_138' title='bbox 269 2006 428 2090; x_wconf 85' lang='lat' dir='ltr'><strong>praedicto</strong></span> <span class='ocrx_word' id='word_1_139' title='bbox 438 2008 632 2072; x_wconf 87' lang='lat' dir='ltr'><strong>tenemento</strong></span> <span class='ocrx_word' id='word_1_140' title='bbox 644 2005 733 2090; x_wconf 90' lang='lat' dir='ltr'><strong>quod</strong></span> <span class='ocrx_word' id='word_1_141' title='bbox 742 2005 856 2089; x_wconf 88' lang='lat' dir='ltr'><strong>posuit</strong></span> <span class='ocrx_word' id='word_1_142' title='bbox 867 2005 904 2068; x_wconf 93' lang='lat' dir='ltr'><strong>in</strong></span> <span class='ocrx_word' id='word_1_143' title='bbox 916 2005 990 2070; x_wconf 82' lang='lat' dir='ltr'><strong>visu</strong></span> <span class='ocrx_word' id='word_1_144' title='bbox 1005 2026 1077 2086; x_wconf 91' lang='lat' dir='ltr'><strong>suo,</strong></span> <span class='ocrx_word' id='word_1_145' title='bbox 1087 2005 1227 2092; x_wconf 85' lang='lat' dir='ltr'><strong>injuste,</strong></span> <span class='ocrx_word' id='word_1_146' title='bbox 1239 2009 1315 2086; x_wconf 80' lang='lat' dir='ltr'><strong>etc,</strong></span> <span class='ocrx_word' id='word_1_147' title='bbox 1327 2004 1415 2069; x_wconf 87' lang='lat' dir='ltr'><strong>sieut</strong></span> 
     </span>
     <span class='ocr_line' id='line_1_18' title="bbox 270 2091 1414 2177; baseline 0 -20"><span class='ocrx_word' id='word_1_148' title='bbox 270 2092 368 2158; x_wconf 85' lang='lat' dir='ltr'><strong>breve</strong></span> <span class='ocrx_word' id='word_1_149' title='bbox 384 2092 478 2157; x_wconf 90' lang='lat' dir='ltr'><strong>dicit.</strong></span> <span class='ocrx_word' id='word_1_150' title='bbox 523 2093 569 2156; x_wconf 76' lang='lat' dir='ltr'><strong>Et</strong></span> <span class='ocrx_word' id='word_1_151' title='bbox 584 2092 660 2157; x_wconf 90' lang='lat' dir='ltr'><strong>ideo</strong></span> <span class='ocrx_word' id='word_1_152' title='bbox 672 2092 921 2158; x_wconf 86' lang='lat' dir='ltr'><strong>consideratum</strong></span> <span class='ocrx_word' id='word_1_153' title='bbox 937 2096 989 2159; x_wconf 89' lang='lat' dir='ltr'><strong>est</strong></span> <span class='ocrx_word' id='word_1_154' title='bbox 1005 2093 1093 2177; x_wconf 89' lang='lat' dir='ltr'><strong>quod</strong></span> <span class='ocrx_word' id='word_1_155' title='bbox 1108 2092 1287 2176; x_wconf 73' lang='lat' dir='ltr'><strong>predictus</strong></span> <span class='ocrx_word' id='word_1_156' title='bbox 1299 2091 1414 2157; x_wconf 85' lang='lat' dir='ltr'><strong>Abbas</strong></span> 
     </span>
     <span class='ocr_line' id='line_1_19' title="bbox 271 2178 1416 2265; baseline -0.002 -19"><span class='ocrx_word' id='word_1_157' title='bbox 271 2183 444 2265; x_wconf 81' lang='lat' dir='ltr'><strong>recuperet</strong></span> <span class='ocrx_word' id='word_1_158' title='bbox 467 2179 627 2245; x_wconf 89' lang='lat' dir='ltr'><strong>seisinam</strong></span> <span class='ocrx_word' id='word_1_159' title='bbox 649 2178 690 2243; x_wconf 91' lang='lat' dir='ltr'><strong>de</strong></span> <span class='ocrx_word' id='word_1_160' title='bbox 711 2179 873 2264; x_wconf 82' lang='lat' dir='ltr'><strong>praedieto</strong></span> <span class='ocrx_word' id='word_1_161' title='bbox 888 2183 1082 2244; x_wconf 86' lang='lat' dir='ltr'><strong>tenemento</strong></span> <span class='ocrx_word' id='word_1_162' title='bbox 1097 2179 1278 2264; x_wconf 81' lang='lat' dir='ltr'><strong>pervisum</strong></span> <span class='ocrx_word' id='word_1_163' title='bbox 1301 2199 1416 2264; x_wconf 86' lang='lat' dir='ltr'><strong>recog-</strong></span> 
     </span>
     <span class='ocr_line' id='line_1_20' title="bbox 272 2266 1090 2346; baseline 0.002 -16"><span class='ocrx_word' id='word_1_164' title='bbox 272 2267 432 2346; x_wconf 88' lang='lat' dir='ltr'><strong>nitorum,</strong></span> <span class='ocrx_word' id='word_1_165' title='bbox 452 2271 486 2332; x_wconf 91' lang='lat' dir='ltr'><strong>et</strong></span> <span class='ocrx_word' id='word_1_166' title='bbox 508 2266 530 2331; x_wconf 91' lang='lat' dir='ltr'><strong>J</strong></span> <span class='ocrx_word' id='word_1_167' title='bbox 532 2267 682 2331; x_wconf 87' lang='lat' dir='ltr'><strong>ohannes</strong></span> <span class='ocrx_word' id='word_1_168' title='bbox 698 2269 733 2332; x_wconf 92' lang='lat' dir='ltr'><strong>et</strong></span> <span class='ocrx_word' id='word_1_169' title='bbox 748 2286 862 2333; x_wconf 88' lang='lat' dir='ltr'><strong>omnes</strong></span> <span class='ocrx_word' id='word_1_170' title='bbox 879 2266 937 2332; x_wconf 84' lang='lat' dir='ltr'><strong>alii</strong></span> <span class='ocrx_word' id='word_1_171' title='bbox 951 2267 988 2330; x_wconf 95' lang='lat' dir='ltr'><strong>in</strong></span> <span class='ocrx_word' id='word_1_172' title='bbox 1004 2266 1090 2332; x_wconf 90' lang='lat' dir='ltr'><strong>mis&#39;.</strong></span> 
     </span>
    </p>

    <p class='ocr_par' dir='ltr' id='par_1_4' title="bbox 336 2353 609 2440">
     <span class='ocr_line' id='line_1_21' title="bbox 336 2353 609 2440; baseline 0 -22"><span class='ocrx_word' id='word_1_173' title='bbox 336 2354 494 2440; x_wconf 83' lang='lat' dir='ltr'><strong>Dampna</strong></span> <span class='ocrx_word' id='word_1_174' title='bbox 508 2353 560 2438; x_wconf 82' lang='lat' dir='ltr'><strong>iiij</strong></span> <span class='ocrx_word' id='word_1_175' title='bbox 571 2354 609 2418; x_wconf 84' lang='lat' dir='ltr'><strong>c’.</strong></span> 
     </span>
    </p>
   </div>
   <div class='ocr_carea' id='block_1_3' title="bbox 269 2490 1416 2841">
    <p class='ocr_par' dir='ltr' id='par_1_5' title="bbox 269 2490 1416 2841">
     <span class='ocr_line' id='line_1_22' title="bbox 335 2490 1416 2577; baseline 0.001 -21"><span class='ocrx_word' id='word_1_176' title='bbox 335 2491 481 2557; x_wconf 79' lang='lat' dir='ltr'><strong>Thomas</strong></span> <span class='ocrx_word' id='word_1_177' title='bbox 511 2492 636 2577; x_wconf 83' lang='lat' dir='ltr'><strong>Bryan,</strong></span> <span class='ocrx_word' id='word_1_178' title='bbox 668 2492 725 2576; x_wconf 91' lang='lat' dir='ltr'><strong>qui</strong></span> <span class='ocrx_word' id='word_1_179' title='bbox 755 2490 837 2556; x_wconf 87' lang='lat' dir='ltr'><strong>tulit</strong></span> <span class='ocrx_word' id='word_1_180' title='bbox 869 2490 1010 2556; x_wconf 82' lang='lat' dir='ltr'><strong>assisam</strong></span> <span class='ocrx_word' id='word_1_181' title='bbox 1040 2491 1159 2556; x_wconf 88' lang='lat' dir='ltr'><strong>mortis</strong></span> <span class='ocrx_word' id='word_1_182' title='bbox 1192 2491 1416 2557; x_wconf 87' lang='lat' dir='ltr'><strong>antecessoris</strong></span> 
     </span>
     <span class='ocr_line' id='line_1_23' title="bbox 269 2577 1414 2664; baseline 0 -20"><span class='ocrx_word' id='word_1_183' title='bbox 269 2599 385 2644; x_wconf 87' lang='lat' dir='ltr'><strong>versus</strong></span> <span class='ocrx_word' id='word_1_184' title='bbox 408 2579 572 2644; x_wconf 83' lang='lat' dir='ltr'><strong>Thomam</strong></span> <span class='ocrx_word' id='word_1_185' title='bbox 586 2579 695 2642; x_wconf 90' lang='lat' dir='ltr'><strong>filium</strong></span> <span class='ocrx_word' id='word_1_186' title='bbox 711 2577 868 2664; x_wconf 86' lang='lat' dir='ltr'><strong>Hugonis</strong></span> <span class='ocrx_word' id='word_1_187' title='bbox 895 2582 930 2645; x_wconf 92' lang='lat' dir='ltr'><strong>et</strong></span> <span class='ocrx_word' id='word_1_188' title='bbox 953 2577 1162 2644; x_wconf 89' lang='lat' dir='ltr'><strong>Willelmnm</strong></span> <span class='ocrx_word' id='word_1_189' title='bbox 1185 2579 1293 2644; x_wconf 84' lang='lat' dir='ltr'><strong>lilium</strong></span> <span class='ocrx_word' id='word_1_190' title='bbox 1315 2579 1414 2644; x_wconf 89' lang='lat' dir='ltr'><strong>Will-</strong></span> 
     </span>
     <span class='ocr_line' id='line_1_24' title="bbox 270 2665 1415 2752; baseline 0.002 -22"><span class='ocrx_word' id='word_1_191' title='bbox 270 2666 360 2746; x_wconf 92' lang='lat' dir='ltr'><strong>elmi,</strong></span> <span class='ocrx_word' id='word_1_192' title='bbox 385 2688 453 2731; x_wconf 90' lang='lat' dir='ltr'><strong>non</strong></span> <span class='ocrx_word' id='word_1_193' title='bbox 478 2672 530 2732; x_wconf 87' lang='lat' dir='ltr'><strong>est</strong></span> <span class='ocrx_word' id='word_1_194' title='bbox 549 2670 757 2751; x_wconf 87' lang='lat' dir='ltr'><strong>prosecutus,</strong></span> <span class='ocrx_word' id='word_1_195' title='bbox 780 2666 856 2730; x_wconf 91' lang='lat' dir='ltr'><strong>ideo</strong></span> <span class='ocrx_word' id='word_1_196' title='bbox 879 2665 952 2750; x_wconf 88' lang='lat' dir='ltr'><strong>ipse</strong></span> <span class='ocrx_word' id='word_1_197' title='bbox 976 2669 1011 2732; x_wconf 92' lang='lat' dir='ltr'><strong>et</strong></span> <span class='ocrx_word' id='word_1_198' title='bbox 1054 2666 1135 2752; x_wconf 87' lang='lat' dir='ltr'><strong>legii</strong></span> <span class='ocrx_word' id='word_1_199' title='bbox 1159 2667 1212 2731; x_wconf 91' lang='lat' dir='ltr'><strong>sui</strong></span> <span class='ocrx_word' id='word_1_200' title='bbox 1237 2667 1278 2732; x_wconf 90' lang='lat' dir='ltr'><strong>de</strong></span> <span class='ocrx_word' id='word_1_201' title='bbox 1300 2687 1415 2752; x_wconf 90' lang='lat' dir='ltr'><strong>prose·</strong></span> 
     </span>
     <span class='ocr_line' id='line_1_25' title="bbox 270 2751 1416 2841; baseline 0.002 -25"><span class='ocrx_word' id='word_1_202' title='bbox 270 2753 401 2838; x_wconf 92' lang='lat' dir='ltr'><strong>quendo</strong></span> <span class='ocrx_word' id='word_1_203' title='bbox 416 2755 453 2817; x_wconf 93' lang='lat' dir='ltr'><strong>in</strong></span> <span class='ocrx_word' id='word_1_204' title='bbox 468 2753 554 2831; x_wconf 91' lang='lat' dir='ltr'><strong>mis’,</strong></span> <span class='ocrx_word' id='word_1_205' title='bbox 571 2753 709 2833; x_wconf 86' lang='lat' dir='ltr'><strong>scilicet,</strong></span> <span class='ocrx_word' id='word_1_206' title='bbox 722 2751 913 2818; x_wconf 90' lang='lat' dir='ltr'><strong>Willelmus</strong></span> <span class='ocrx_word' id='word_1_207' title='bbox 924 2753 966 2818; x_wconf 90' lang='lat' dir='ltr'><strong>de</strong></span> <span class='ocrx_word' id='word_1_208' title='bbox 982 2756 1010 2816; x_wconf 82' lang='lat' dir='ltr'>A</span> <span class='ocrx_word' id='word_1_209' title='bbox 1085 2754 1126 2817; x_wconf 92' lang='lat' dir='ltr'><strong>de</strong></span> <span class='ocrx_word' id='word_1_210' title='bbox 1140 2753 1416 2841; x_wconf 76' lang='lat' dir='ltr'><strong>liamelyngton’</strong></span> 
     </span>
    </p>
   </div>
   <div class='ocr_carea' id='block_1_4' title="bbox 270 2839 1417 3014">
    <p class='ocr_par' dir='ltr' id='par_1_6' title="bbox 270 2839 1417 3014">
     <span class='ocr_line' id='line_1_26' title="bbox 270 2839 1417 2925; baseline 0.001 -20"><span class='ocrx_word' id='word_1_211' title='bbox 270 2847 305 2905; x_wconf 90' lang='lat' dir='ltr'><strong>et</strong></span> <span class='ocrx_word' id='word_1_212' title='bbox 318 2841 485 2906; x_wconf 80' lang='lat' dir='ltr'><strong>Ricardus</strong></span> <span class='ocrx_word' id='word_1_213' title='bbox 501 2840 588 2906; x_wconf 88' lang='lat' dir='ltr'><strong>lilius</strong></span> <span class='ocrx_word' id='word_1_214' title='bbox 604 2841 720 2905; x_wconf 92' lang='lat' dir='ltr'><strong>Botill&#39;</strong></span> <span class='ocrx_word' id='word_1_215' title='bbox 737 2839 778 2906; x_wconf 92' lang='lat' dir='ltr'><strong>de</strong></span> <span class='ocrx_word' id='word_1_216' title='bbox 796 2839 923 2906; x_wconf 85' lang='lat' dir='ltr'><strong>eedem.</strong></span> <span class='ocrx_word' id='word_1_217' title='bbox 969 2840 1014 2905; x_wconf 81' lang='lat' dir='ltr'><strong>Et</strong></span> <span class='ocrx_word' id='word_1_218' title='bbox 1036 2841 1189 2925; x_wconf 85' lang='lat' dir='ltr'><strong>praedieti</strong></span> <span class='ocrx_word' id='word_1_219' title='bbox 1212 2841 1360 2908; x_wconf 81' lang='lat' dir='ltr'><strong>Thomas</strong></span> <span class='ocrx_word' id='word_1_220' title='bbox 1382 2844 1417 2907; x_wconf 93' lang='lat' dir='ltr'><strong>et</strong></span> 
     </span>
     <span class='ocr_line' id='line_1_27' title="bbox 271 2925 1120 3014; baseline 0.001 -22"><span class='ocrx_word' id='word_1_221' title='bbox 271 2926 473 3009; x_wconf 90' lang='lat' dir='ltr'><strong>Willelmus,</strong></span> <span class='ocrx_word' id='word_1_222' title='bbox 488 2929 547 3012; x_wconf 89' lang='lat' dir='ltr'><strong>qui</strong></span> <span class='ocrx_word' id='word_1_223' title='bbox 561 2932 745 3014; x_wconf 85' lang='lat' dir='ltr'><strong>praesentes</strong></span> <span class='ocrx_word' id='word_1_224' title='bbox 761 2930 852 3008; x_wconf 88' lang='lat' dir='ltr'><strong>sunt,</strong></span> <span class='ocrx_word' id='word_1_225' title='bbox 868 2925 948 2994; x_wconf 90' lang='lat' dir='ltr'><strong>inde</strong></span> <span class='ocrx_word' id='word_1_226' title='bbox 965 2927 1038 2995; x_wconf 90' lang='lat' dir='ltr'><strong>sine</strong></span> <span class='ocrx_word' id='word_1_227' title='bbox 1054 2928 1120 2995; x_wconf 86' lang='lat' dir='ltr'><strong>die.</strong></span> 
     </span>
    </p>
   </div>
   <div class='ocr_carea' id='block_1_5' title="bbox 271 3083 1421 4393">
    <p class='ocr_par' dir='ltr' id='par_1_7' title="bbox 271 3083 1419 3522">
     <span class='ocr_line' id='line_1_28' title="bbox 336 3083 1416 3174; baseline 0.003 -24"><span class='ocrx_word' id='word_1_228' title='bbox 336 3085 538 3164; x_wconf 90' lang='lat' dir='ltr'><strong>Willelmns,</strong></span> <span class='ocrx_word' id='word_1_229' title='bbox 548 3085 715 3170; x_wconf 87' lang='lat' dir='ltr'><strong>Magister</strong></span> <span class='ocrx_word' id='word_1_230' title='bbox 725 3083 916 3170; x_wconf 74' lang='lat' dir='ltr'><strong>Hospitalis</strong></span> <span class='ocrx_word' id='word_1_231' title='bbox 933 3083 1051 3150; x_wconf 83' lang='lat' dir='ltr'><strong>Sancti</strong></span> <span class='ocrx_word' id='word_1_232' title='bbox 1067 3084 1181 3171; x_wconf 81' lang='lat' dir='ltr'><strong>Egidii</strong></span> <span class='ocrx_word' id='word_1_233' title='bbox 1194 3085 1236 3150; x_wconf 93' lang='lat' dir='ltr'><strong>de</strong></span> <span class='ocrx_word' id='word_1_234' title='bbox 1248 3086 1416 3174; x_wconf 79' lang='lat' dir='ltr'><strong>Kypyere,</strong></span> 
     </span>
     <span class='ocr_line' id='line_1_29' title="bbox 271 3171 1419 3260; baseline -0.001 -21"><span class='ocrx_word' id='word_1_235' title='bbox 271 3174 359 3260; x_wconf 90' lang='lat' dir='ltr'><strong>petit</strong></span> <span class='ocrx_word' id='word_1_236' title='bbox 372 3189 489 3239; x_wconf 73' lang='lat' dir='ltr'><strong>&#39;versus</strong></span> <span class='ocrx_word' id='word_1_237' title='bbox 505 3173 693 3239; x_wconf 81' lang='lat' dir='ltr'><strong>Robertum</strong></span> <span class='ocrx_word' id='word_1_238' title='bbox 712 3171 815 3236; x_wconf 88' lang='lat' dir='ltr'><strong>filium</strong></span> <span class='ocrx_word' id='word_1_239' title='bbox 840 3172 861 3235; x_wconf 89' lang='lat' dir='ltr'>J</span> <span class='ocrx_word' id='word_1_240' title='bbox 863 3172 1008 3236; x_wconf 90' lang='lat' dir='ltr'><strong>ohannis</strong></span> <span class='ocrx_word' id='word_1_241' title='bbox 1030 3173 1072 3237; x_wconf 94' lang='lat' dir='ltr'><strong>de</strong></span> <span class='ocrx_word' id='word_1_242' title='bbox 1095 3172 1306 3242; x_wconf 83' lang='lat' dir='ltr'><strong>Farnnilawe</strong></span> <span class='ocrx_word' id='word_1_243' title='bbox 1321 3175 1419 3260; x_wconf 91' lang='lat' dir='ltr'><strong>quin-</strong></span> 
     </span>
     <span class='ocr_line' id='line_1_30' title="bbox 272 3258 1419 3348; baseline 0 -22"><span class='ocrx_word' id='word_1_244' title='bbox 272 3261 365 3347; x_wconf 89' lang='lat' dir='ltr'><strong>quies</strong></span> <span class='ocrx_word' id='word_1_245' title='bbox 377 3260 502 3346; x_wconf 81' lang='lat' dir='ltr'><strong>viginti</strong></span> <span class='ocrx_word' id='word_1_246' title='bbox 517 3264 553 3325; x_wconf 90' lang='lat' dir='ltr'><strong>et</strong></span> <span class='ocrx_word' id='word_1_247' title='bbox 568 3282 626 3327; x_wconf 83' lang='lat' dir='ltr'><strong>sex</strong></span> <span class='ocrx_word' id='word_1_248' title='bbox 641 3259 759 3340; x_wconf 86' lang='lat' dir='ltr'><strong>acras,l</strong></span> <span class='ocrx_word' id='word_1_249' title='bbox 775 3280 853 3325; x_wconf 86' lang='lat' dir='ltr'><strong>oum</strong></span> <span class='ocrx_word' id='word_1_250' title='bbox 867 3258 1096 3344; x_wconf 86' lang='lat' dir='ltr'><strong>pertinentiis,</strong></span> <span class='ocrx_word' id='word_1_251' title='bbox 1109 3259 1146 3324; x_wconf 88' lang='lat' dir='ltr'><strong>in</strong></span> <span class='ocrx_word' id='word_1_252' title='bbox 1157 3261 1419 3348; x_wconf 72' lang='lat' dir='ltr'><strong>Hertwayton&#39;,l</strong></span> 
     </span>
     <span class='ocr_line' id='line_1_31' title="bbox 705 3433 1200 3521; baseline 0.002 -20.245"><span class='ocrx_word' id='word_1_253' title='bbox 272 3433 1200 3521; x_wconf 54' lang='lat' dir='ltr'><strong>st</strong></span> 
     </span>
    </p>

    <p class='ocr_par' dir='ltr' id='par_1_8' title="bbox 273 3473 1421 4393">
     <span class='ocr_line' id='line_1_32' title="bbox 694 3473 1210 3515; baseline 0.002 -1"><span class='ocrx_word' id='word_1_254' title='bbox 694 3483 703 3514; x_wconf 76' lang='lat' dir='ltr'><strong>r</strong></span> <span class='ocrx_word' id='word_1_255' title='bbox 972 3473 977 3487; x_wconf 85' lang='lat'><strong>¹</strong></span> <span class='ocrx_word' id='word_1_256' title='bbox 1201 3485 1210 3515; x_wconf 76' lang='lat' dir='ltr'><strong>a</strong></span> 
     </span>
     <span class='ocr_line' id='line_1_33' title="bbox 273 3520 1418 3610; baseline 0 -22"><span class='ocrx_word' id='word_1_257' title='bbox 273 3522 441 3608; x_wconf 77' lang='lat' dir='ltr'><strong>Magister</strong></span> <span class='ocrx_word' id='word_1_258' title='bbox 454 3522 608 3607; x_wconf 83' lang='lat' dir='ltr'><strong>praedicti</strong></span> <span class='ocrx_word' id='word_1_259' title='bbox 627 3520 829 3606; x_wconf 89' lang='lat' dir='ltr'><strong>Hospitalis,</strong></span> <span class='ocrx_word' id='word_1_260' title='bbox 844 3522 1068 3607; x_wconf 68' lang='lat' dir='ltr'><strong>predecessor</strong></span> <span class='ocrx_word' id='word_1_261' title='bbox 1082 3522 1235 3607; x_wconf 83' lang='lat' dir='ltr'><strong>praedicti</strong></span> <span class='ocrx_word' id='word_1_262' title='bbox 1250 3524 1418 3610; x_wconf 87' lang='lat' dir='ltr'><strong>magistri,</strong></span> 
     </span>
     <span class='ocr_line' id='line_1_34' title="bbox 273 3608 1419 3696; baseline 0.002 -22"><span class='ocrx_word' id='word_1_263' title='bbox 273 3611 331 3696; x_wconf 88' lang='lat' dir='ltr'><strong>qui</strong></span> <span class='ocrx_word' id='word_1_264' title='bbox 345 3609 422 3674; x_wconf 88' lang='lat' dir='ltr'><strong>illas</strong></span> <span class='ocrx_word' id='word_1_265' title='bbox 438 3610 469 3673; x_wconf 91' lang='lat' dir='ltr'><strong>ei</strong></span> <span class='ocrx_word' id='word_1_266' title='bbox 485 3609 615 3673; x_wconf 90' lang='lat' dir='ltr'><strong>dimisit</strong></span> <span class='ocrx_word' id='word_1_267' title='bbox 629 3609 672 3673; x_wconf 90' lang='lat' dir='ltr'><strong>ad</strong></span> <span class='ocrx_word' id='word_1_268' title='bbox 689 3608 873 3674; x_wconf 88' lang='lat' dir='ltr'><strong>terminum</strong></span> <span class='ocrx_word' id='word_1_269' title='bbox 888 3609 946 3692; x_wconf 89' lang='lat' dir='ltr'><strong>qui</strong></span> <span class='ocrx_word' id='word_1_270' title='bbox 961 3609 1136 3694; x_wconf 73' lang='lat' dir='ltr'><strong>preteriit.</strong></span> <span class='ocrx_word' id='word_1_271' title='bbox 1181 3611 1228 3675; x_wconf 82' lang='grc'><strong>111</strong></span> <span class='ocrx_word' id='word_1_272' title='bbox 1249 3611 1419 3679; x_wconf 85' lang='lat' dir='ltr'><strong>Robertus</strong></span> 
     </span>
     <span class='ocr_line' id='line_1_35' title="bbox 274 3695 1420 3785; baseline 0 -23"><span class='ocrx_word' id='word_1_273' title='bbox 274 3697 367 3764; x_wconf 85' lang='lat' dir='ltr'><strong>venit</strong></span> <span class='ocrx_word' id='word_1_274' title='bbox 388 3699 423 3761; x_wconf 93' lang='lat' dir='ltr'><strong>et</strong></span> <span class='ocrx_word' id='word_1_275' title='bbox 441 3696 595 3762; x_wconf 85' lang='lat' dir='ltr'><strong>defendit</strong></span> <span class='ocrx_word' id='word_1_276' title='bbox 614 3695 672 3779; x_wconf 82' lang='lat' dir='ltr'><strong>jus</strong></span> <span class='ocrx_word' id='word_1_277' title='bbox 691 3717 789 3760; x_wconf 90' lang='lat' dir='ltr'><strong>suum</strong></span> <span class='ocrx_word' id='word_1_278' title='bbox 811 3697 958 3780; x_wconf 89' lang='lat' dir='ltr'><strong>quando,</strong></span> <span class='ocrx_word' id='word_1_279' title='bbox 981 3701 1058 3777; x_wconf 77' lang='lat' dir='ltr'><strong>etc,</strong></span> <span class='ocrx_word' id='word_1_280' title='bbox 1084 3700 1119 3761; x_wconf 91' lang='lat' dir='ltr'><strong>et</strong></span> <span class='ocrx_word' id='word_1_281' title='bbox 1141 3697 1226 3762; x_wconf 90' lang='lat' dir='ltr'><strong>bene</strong></span> <span class='ocrx_word' id='word_1_282' title='bbox 1247 3697 1420 3785; x_wconf 78' lang='lat' dir='ltr'><strong>cognoscit</strong></span> 
     </span>
     <span class='ocr_line' id='line_1_36' title="bbox 276 3783 1421 3872; baseline 0.003 -23"><span class='ocrx_word' id='word_1_283' title='bbox 276 3785 365 3869; x_wconf 89' lang='lat' dir='ltr'><strong>quod</strong></span> <span class='ocrx_word' id='word_1_284' title='bbox 384 3784 488 3848; x_wconf 89' lang='lat' dir='ltr'><strong>habet</strong></span> <span class='ocrx_word' id='word_1_285' title='bbox 508 3783 697 3869; x_wconf 89' lang='lat' dir='ltr'><strong>ingressum</strong></span> <span class='ocrx_word' id='word_1_286' title='bbox 720 3783 757 3846; x_wconf 95' lang='lat' dir='ltr'><strong>in</strong></span> <span class='ocrx_word' id='word_1_287' title='bbox 774 3783 973 3868; x_wconf 86' lang='lat' dir='ltr'><strong>praedictum</strong></span> <span class='ocrx_word' id='word_1_288' title='bbox 996 3787 1229 3849; x_wconf 87' lang='lat' dir='ltr'><strong>tenementum</strong></span> <span class='ocrx_word' id='word_1_289' title='bbox 1250 3809 1311 3872; x_wconf 91' lang='lat' dir='ltr'><strong>per</strong></span> <span class='ocrx_word' id='word_1_290' title='bbox 1335 3808 1421 3872; x_wconf 83' lang='lat' dir='ltr'><strong>pree·</strong></span> 
     </span>
     <span class='ocr_line' id='line_1_37' title="bbox 275 3870 1420 3960; baseline 0.001 -24"><span class='ocrx_word' id='word_1_291' title='bbox 275 3872 403 3936; x_wconf 86' lang='lat' dir='ltr'><strong>dictum</strong></span> <span class='ocrx_word' id='word_1_292' title='bbox 426 3871 628 3951; x_wconf 73' lang='lat' dir='ltr'><strong>iohannem,</strong></span> <span class='ocrx_word' id='word_1_293' title='bbox 645 3875 698 3935; x_wconf 93' lang='lat' dir='ltr'><strong>set</strong></span> <span class='ocrx_word' id='word_1_294' title='bbox 718 3871 802 3936; x_wconf 90' lang='lat' dir='ltr'><strong>bene</strong></span> <span class='ocrx_word' id='word_1_295' title='bbox 821 3870 974 3935; x_wconf 84' lang='lat' dir='ltr'><strong>defendit</strong></span> <span class='ocrx_word' id='word_1_296' title='bbox 996 3871 1086 3954; x_wconf 90' lang='lat' dir='ltr'><strong>quod</strong></span> <span class='ocrx_word' id='word_1_297' title='bbox 1107 3872 1198 3936; x_wconf 91' lang='lat' dir='ltr'><strong>idem</strong></span> <span class='ocrx_word' id='word_1_298' title='bbox 1220 3873 1420 3960; x_wconf 85' lang='lat' dir='ltr'><strong>Radnlphus</strong></span> 
     </span>
     <span class='ocr_line' id='line_1_38' title="bbox 274 3955 1421 4046; baseline 0.003 -23"><span class='ocrx_word' id='word_1_299' title='bbox 274 3959 306 4023; x_wconf 93' lang='lat' dir='ltr'><strong>le</strong></span> <span class='ocrx_word' id='word_1_300' title='bbox 341 3958 464 4043; x_wconf 83' lang='lat' dir='ltr'><strong>Moyne</strong></span> <span class='ocrx_word' id='word_1_301' title='bbox 495 3977 562 4021; x_wconf 90' lang='lat' dir='ltr'><strong>non</strong></span> <span class='ocrx_word' id='word_1_302' title='bbox 596 3955 728 4021; x_wconf 89' lang='lat' dir='ltr'><strong>dimisit</strong></span> <span class='ocrx_word' id='word_1_303' title='bbox 762 3956 958 4042; x_wconf 70' lang='lat' dir='ltr'><strong>predictum</strong></span> <span class='ocrx_word' id='word_1_304' title='bbox 992 3962 1222 4025; x_wconf 86' lang='lat' dir='ltr'><strong>tenementum</strong></span> <span class='ocrx_word' id='word_1_305' title='bbox 1260 3961 1421 4046; x_wconf 81' lang='lat' dir='ltr'><strong>preedicto</strong></span> 
     </span>
     <span class='ocr_line' id='line_1_39' title="bbox 275 4043 1420 4134; baseline 0.003 -24"><span class='ocrx_word' id='word_1_306' title='bbox 275 4047 297 4110; x_wconf 87' lang='lat' dir='ltr'>J</span> <span class='ocrx_word' id='word_1_307' title='bbox 299 4045 428 4110; x_wconf 86' lang='lat' dir='ltr'><strong>ohanui</strong></span> <span class='ocrx_word' id='word_1_308' title='bbox 441 4045 482 4109; x_wconf 85' lang='lat' dir='ltr'><strong>ad</strong></span> <span class='ocrx_word' id='word_1_309' title='bbox 495 4043 639 4128; x_wconf 84' lang='lat' dir='ltr'><strong>aliquem</strong></span> <span class='ocrx_word' id='word_1_310' title='bbox 649 4044 843 4124; x_wconf 89' lang='lat' dir='ltr'><strong>terminum,</strong></span> <span class='ocrx_word' id='word_1_311' title='bbox 856 4044 940 4109; x_wconf 90' lang='lat' dir='ltr'><strong>dicit</strong></span> <span class='ocrx_word' id='word_1_312' title='bbox 950 4044 1040 4109; x_wconf 92' lang='lat' dir='ltr'><strong>enim</strong></span> <span class='ocrx_word' id='word_1_313' title='bbox 1053 4046 1142 4129; x_wconf 91' lang='lat' dir='ltr'><strong>quod</strong></span> <span class='ocrx_word' id='word_1_314' title='bbox 1157 4047 1293 4131; x_wconf 89' lang='lat' dir='ltr'><strong>quidam</strong></span> <span class='ocrx_word' id='word_1_315' title='bbox 1304 4048 1420 4134; x_wconf 87' lang='lat' dir='ltr'><strong>Hug0,</strong></span> 
     </span>
     <span class='ocr_line' id='line_1_40' title="bbox 273 4131 1420 4218; baseline 0.003 -21"><span class='ocrx_word' id='word_1_316' title='bbox 273 4137 371 4218; x_wconf 84' lang='lat' dir='ltr'><strong>pater</strong></span> <span class='ocrx_word' id='word_1_317' title='bbox 385 4132 538 4218; x_wconf 83' lang='lat' dir='ltr'><strong>praedicti</strong></span> <span class='ocrx_word' id='word_1_318' title='bbox 552 4133 574 4196; x_wconf 88' lang='lat' dir='ltr'>J</span> <span class='ocrx_word' id='word_1_319' title='bbox 576 4131 731 4211; x_wconf 87' lang='lat' dir='ltr'><strong>ohannis,</strong></span> <span class='ocrx_word' id='word_1_320' title='bbox 748 4131 861 4198; x_wconf 91' lang='lat' dir='ltr'><strong>tenuit</strong></span> <span class='ocrx_word' id='word_1_321' title='bbox 876 4131 1073 4216; x_wconf 81' lang='lat' dir='ltr'><strong>praedictum</strong></span> <span class='ocrx_word' id='word_1_322' title='bbox 1089 4135 1322 4199; x_wconf 80' lang='lat' dir='ltr'><strong>tenementum</strong></span> <span class='ocrx_word' id='word_1_323' title='bbox 1344 4139 1420 4201; x_wconf 91' lang='lat' dir='ltr'><strong>toto</strong></span> 
     </span>
     <span class='ocr_line' id='line_1_41' title="bbox 274 4218 1419 4308; baseline 0.001 -22"><span class='ocrx_word' id='word_1_324' title='bbox 274 4231 424 4304; x_wconf 89' lang='lat' dir='ltr'><strong>tempore</strong></span> <span class='ocrx_word' id='word_1_325' title='bbox 440 4219 517 4284; x_wconf 80' lang='lat' dir='ltr'><strong>vitre</strong></span> <span class='ocrx_word' id='word_1_326' title='bbox 533 4240 611 4299; x_wconf 82' lang='lat' dir='ltr'><strong>suae,</strong></span> <span class='ocrx_word' id='word_1_327' title='bbox 627 4223 667 4282; x_wconf 93' lang='lat' dir='ltr'><strong>ut</strong></span> <span class='ocrx_word' id='word_1_328' title='bbox 679 4218 737 4303; x_wconf 83' lang='lat' dir='ltr'><strong>jus</strong></span> <span class='ocrx_word' id='word_1_329' title='bbox 752 4223 787 4283; x_wconf 90' lang='lat' dir='ltr'><strong>et</strong></span> <span class='ocrx_word' id='word_1_330' title='bbox 802 4219 1026 4284; x_wconf 87' lang='lat' dir='ltr'><strong>hereditatem</strong></span> <span class='ocrx_word' id='word_1_331' title='bbox 1048 4241 1155 4300; x_wconf 87' lang='lat' dir='ltr'><strong>suam,</strong></span> <span class='ocrx_word' id='word_1_332' title='bbox 1171 4225 1206 4288; x_wconf 93' lang='lat' dir='ltr'><strong>et</strong></span> <span class='ocrx_word' id='word_1_333' title='bbox 1221 4223 1305 4288; x_wconf 87' lang='lat' dir='ltr'><strong>dicit</strong></span> <span class='ocrx_word' id='word_1_334' title='bbox 1320 4222 1419 4308; x_wconf 91' lang='lat' dir='ltr'><strong>quod,</strong></span> 
     </span>
     <span class='ocr_line' id='line_1_42' title="bbox 274 4306 1421 4393; baseline 0 -20"><span class='ocrx_word' id='word_1_335' title='bbox 274 4313 352 4393; x_wconf 86' lang='lat' dir='ltr'><strong>post</strong></span> <span class='ocrx_word' id='word_1_336' title='bbox 375 4307 548 4372; x_wconf 89' lang='lat' dir='ltr'><strong>decessum</strong></span> <span class='ocrx_word' id='word_1_337' title='bbox 574 4306 681 4391; x_wconf 91' lang='lat' dir='ltr'><strong>ipsius</strong></span> <span class='ocrx_word' id='word_1_338' title='bbox 707 4306 876 4392; x_wconf 88' lang='lat' dir='ltr'><strong>Hugonis,</strong></span> <span class='ocrx_word' id='word_1_339' title='bbox 901 4307 1046 4371; x_wconf 84' lang='lat' dir='ltr'><strong>intravit</strong></span> <span class='ocrx_word' id='word_1_340' title='bbox 1069 4307 1159 4372; x_wconf 91' lang='lat' dir='ltr'><strong>idem</strong></span> <span class='ocrx_word' id='word_1_341' title='bbox 1184 4309 1359 4378; x_wconf 85' lang='lat' dir='ltr'><strong>Johannes</strong></span> <span class='ocrx_word' id='word_1_342' title='bbox 1384 4309 1421 4374; x_wconf 90' lang='lat' dir='ltr'><strong>in</strong></span> 
     </span>
    </p>
   </div>
   <div class='ocr_carea' id='block_1_6' title="bbox 308 4477 1423 4616">
    <p class='ocr_par' dir='ltr' id='par_1_9' title="bbox 308 4477 1423 4616">
     <span class='ocr_line' id='line_1_43' title="bbox 311 4477 1423 4548; baseline 0.006 -16"><span class='ocrx_word' id='word_1_343' title='bbox 311 4482 317 4514; x_wconf 87' lang='lat'><strong>¹</strong></span> <span class='ocrx_word' id='word_1_344' title='bbox 336 4482 435 4548; x_wconf 77' lang='lat' dir='ltr'><strong>Supply</strong></span> <span class='ocrx_word' id='word_1_345' title='bbox 446 4485 528 4534; x_wconf 75' lang='lat' dir='ltr'><strong>terra.</strong></span> <span class='ocrx_word' id='word_1_346' title='bbox 908 4480 920 4513; x_wconf 84' lang='lat'><strong>³</strong></span> <span class='ocrx_word' id='word_1_347' title='bbox 937 4481 970 4533; x_wconf 81' lang='lat' dir='ltr'><strong>So</strong></span> <span class='ocrx_word' id='word_1_348' title='bbox 987 4481 1016 4533; x_wconf 90' lang='lat' dir='ltr'><strong>in</strong></span> <span class='ocrx_word' id='word_1_349' title='bbox 1035 4477 1157 4548; x_wconf 78' lang='lat' dir='ltr'><strong>original3</strong></span> <span class='ocrx_word' id='word_1_350' title='bbox 1174 4499 1243 4536; x_wconf 90' lang='lat' dir='ltr'><strong>some</strong></span> <span class='ocrx_word' id='word_1_351' title='bbox 1253 4485 1335 4538; x_wconf 82' lang='lat' dir='ltr'><strong>words</strong></span> <span class='ocrx_word' id='word_1_352' title='bbox 1352 4485 1423 4538; x_wconf 78' lang='lat' dir='ltr'><strong>mue</strong></span> 
     </span>
     <span class='ocr_line' id='line_1_44' title="bbox 308 4545 1104 4616; baseline 0 -14"><span class='ocrx_word' id='word_1_353' title='bbox 308 4547 318 4580; x_wconf 77' lang='lat'>²</span> <span class='ocrx_word' id='word_1_354' title='bbox 334 4547 495 4616; x_wconf 82' lang='lat' dir='ltr'><strong>Hurtington</strong></span> <span class='ocrx_word' id='word_1_355' title='bbox 506 4548 534 4601; x_wconf 91' lang='lat' dir='ltr'><strong>in</strong></span> <span class='ocrx_word' id='word_1_356' title='bbox 545 4545 684 4603; x_wconf 81' lang='lat' dir='ltr'><strong>Hsrtbum</strong></span> <span class='ocrx_word' id='word_1_357' title='bbox 694 4546 794 4603; x_wconf 70' lang='lat' dir='ltr'><strong>Putet</strong></span> <span class='ocrx_word' id='word_1_358' title='bbox 876 4549 907 4602; x_wconf 87' lang='lat' dir='ltr'><strong>be</strong></span> <span class='ocrx_word' id='word_1_359' title='bbox 918 4547 1025 4600; x_wconf 83' lang='lat' dir='ltr'><strong>omitted</strong></span> <span class='ocrx_word' id='word_1_360' title='bbox 1035 4548 1104 4602; x_wconf 79' lang='lat' dir='ltr'><strong>hers.</strong></span> 
     </span>
    </p>
   </div>
   <div class='ocr_carea' id='block_1_7' title="bbox 0 0 1662 5104">
    <p class='ocr_par' dir='ltr' id='par_1_10' title="bbox 0 0 1662 5104">
     <span class='ocr_line' id='line_1_45' title="bbox 0 0 1662 5104; baseline 0 0"><span class='ocrx_word' id='word_1_361' title='bbox 0 0 1662 5104; x_wconf 95' lang='lat' dir='ltr'><strong> </strong></span> 
     </span>
    </p>
   </div>
  </div>
 </body>
</html>
