3272 5092
398 559 511 604 nssran
535 558 632 619 aona,
655 558 995 622 roarrruuansnsuu,
1022 540 1040 604 7
1064 561 1151 606 rnw.
1175 562 1199 605 1.
1317 540 1379 604 245

226 710 388 795 praediota
410 711 582 798 Margaria
603 733 751 798 praesens
774 717 826 779 est
842 718 877 779 et
899 713 1008 800 gratis
1031 714 1214 800 respondet
1229 736 1306 781 cum
1328 735 1379 781 eo.

227 797 273 861 llt
287 803 387 864 vocat
411 800 491 865 inde
514 801 558 865 ad
571 806 777 866 warrantum
797 801 1010 881 Michaelem,
1026 802 1135 866 filium
1159 805 1195 866 et
1221 803 1379 868 heredem

226 884 373 970 Reyueri
390 887 430 952 de
449 887 633 969 Dunstan',
649 889 709 973 qui
723 889 822 954 modo
837 890 933 954 venit
954 909 1014 974 per
1030 889 1329 955 summonitionem
1344 891 1380 953 et

227 972 259 1036 ei
282 974 510 1055 wamantizat,
532 978 567 1039 et
589 996 650 1060 per
670 975 846 1042 licentiam
867 976 1028 1057 reddidit,
1052 979 1117 1043 etc.
1163 976 1246 1044 Ideo
1269 976 1378 1042 consi-

226 1058 382 1125 deratum
396 1065 449 1128 est
463 1063 553 1147 quod
571 1063 732 1147 pmdicta
747 1063 893 1128 Matilda
909 1067 1083 1148 recuperet
1097 1063 1266 1148 seysinam
1282 1085 1380 1129 suam

225 1146 268 1212 de
293 1149 475 1214 medietate
500 1150 738 1234 praedictarum
759 1152 903 1215 duarum
925 1151 1125 1216 bovatarum
1148 1154 1247 1216 terrae
1261 1171 1378 1217 versus

226 1235 405 1319 praedictos
425 1235 609 1303 Ricardum
624 1241 660 1302 et
683 1238 900 1324 Margariam,
916 1243 952 1305 et
969 1238 1134 1304 Ricardus
1150 1243 1186 1303 et
1207 1239 1380 1324 Margeria

226 1322 375 1474 hplbeant
390 1315 432 1388 de
454 1327 545 1390 terra
567 1325 722 1410 praedicti
736 1325 927 1406 Michaelis,
942 1325 981 1390 in
1003 1326 1076 1392 loco
1099 1326 1320 1412 competenti,
1336 1325 1381 1392 ad

226 1429 246 1472 v
281 1409 423 1492 entiam,
436 1415 499 1477 etc.

289 1548 436 1614 Thomas
451 1549 541 1616 filius
557 1549 694 1616 Thomae
709 1551 751 1617 de
760 1550 963 1637 Algerseles,
976 1551 1035 1635 qui
1050 1550 1134 1616 tulit
1149 1552 1248 1617 breve
1259 1551 1380 1616 mortis

224 1636 446 1702 antecessoris
468 1658 584 1703 versus
611 1639 794 1724 Hugonem
822 1638 930 1703 lilium
951 1639 1034 1703 Adae
1058 1639 1100 1705 de
1122 1638 1314 1724 Algerselcs
1337 1638 1378 1704 de

224 1744 293 1787 uno
310 1725 494 1809 mesuagio,
507 1728 543 1789 et
558 1745 627 1789 una
640 1727 821 1810 perticata,
832 1729 868 1792 et
879 1725 1062 1792 medietate
1074 1725 1175 1792 unius
1185 1726 1274 1791 rodae
1282 1731 1381 1792 terrae

224 1831 302 1875 cum
317 1812 533 1895 pertinentiis
549 1812 586 1875 in
600 1812 777 1898 Algersel'‚
794 1835 863 1879 uon
879 1816 932 1880 est
952 1817 1162 1898 prosecutus.
1209 1813 1292 1879 Ideo
1306 1813 1379 1898 ipse

224 1901 260 1962 et
292 1897 398 1983 plegii
427 1899 480 1963 sui
511 1899 552 1964 de
582 1902 814 1986 prosequendo
847 1900 884 1963 in
913 1899 1000 1981 mis’,
1028 1900 1167 1980 scilicet,
1194 1901 1306 1965 Adam
1338 1901 1380 1967 de

223 1983 416 2071 Michilleye
432 1990 467 2052 et
482 1986 714 2072 Gwychardus
730 1988 773 2052 de
788 1987 1012 2068 Troclrelawe,
1030 1990 1096 2053 etc.

289 2141 459 2207 Robertus
484 2142 525 2208 de
546 2142 667 2208 Insula
690 2143 916 2209 summonitus
942 2142 1013 2206 fuit
1038 2143 1083 2206 ad
1109 2143 1380 2228 respondendum

223 2228 397 2294 Willelmo
413 2231 454 2294 de
480 2229 695 2310 Middelton',
711 2231 752 2297 de
774 2230 901 2316 placito
925 2229 1014 2315 quod
1036 2229 1156 2297 reddat
1180 2231 1211 2296 ei
1234 2231 1381 2316 quinque

222 2317 277 2396 m’,
292 2321 362 2381 tres
377 2317 415 2396 s’,
432 2321 467 2382 et
483 2322 629 2403 quatuor
643 2318 687 2399 d’,
703 2339 788 2402 quos
804 2318 836 2383 ei
846 2318 947 2384 debet
963 2320 999 2382 et
1013 2317 1141 2400 injuste
1156 2317 1300 2400 detinet,
1314 2321 1378 2383 etc.

223 2404 269 2466 Et
298 2403 469 2470 Robertus
495 2405 660 2485 renitet
687 2405 882 2470 concordati
911 2407 994 2469 sunt
1019 2426 1080 2490 per
1103 2403 1288 2471 licentiam.
1334 2406 1380 2470 Et

223 2491 390 2557 Robertus
418 2492 478 2556 dat
507 2491 685 2557 dimidiam
714 2493 758 2556 ra'
788 2513 850 2578 pro
879 2491 1019 2557 licentia
1047 2493 1285 2572 concordandi,
1319 2514 1381 2578 per

222 2577 374 2663 plegium
405 2578 559 2664 praedicti
585 2579 761 2645 Willelmi.
821 2580 867 2644 Et
893 2583 946 2646 est
972 2579 1152 2644 concordia
1179 2579 1259 2644 talis
1291 2580 1379 2665 quod

223 2665 404 2750 praedictus
439 2666 609 2733 Robertus
649 2667 826 2752 cognoscit
866 2667 957 2750 quod
993 2666 1094 2731 debet
1135 2665 1166 2732 ei
1201 2667 1380 2752 praedictos

222 2752 388 2834 denarios,
411 2775 494 2838 quos
510 2753 542 2819 ei
558 2755 665 2822 solvet
687 2755 732 2818 ad
745 2755 875 2819 festum
897 2753 1014 2818 Sancti
1030 2753 1173 2817 Martini
1188 2754 1252 2819 hoc
1276 2775 1376 2820 anno.

224 2841 270 2904 ut
293 2838 360 2905 nisi
382 2840 515 2922 fecerit,
537 2841 693 2906 concedit
714 2843 805 2925 quod
826 2841 1010 2908 vicecomes
1031 2840 1140 2906 faciat
1166 2840 1207 2906 de
1229 2841 1329 2908 terris
1345 2844 1381 2907 et

224 2927 356 2992 catallis
372 2927 454 3008 suis,
473 2932 537 2994 etc.

287 3066 407 3131 Assisa
428 3066 521 3132 venit
542 3065 760 3150 recognitura
782 3066 811 3130 si
833 3064 1027 3130 Willelmus
1050 3065 1180 3166 Compn
1197 3065 1238 3130 de
1262 3066 1379 3152 Kylle-

221 3153 316 3218 bride
340 3153 479 3237 injuste,
495 3157 571 3234 etc,
588 3153 752 3220 exaltavit
771 3153 940 3236 quoddam
957 3156 1118 3237 stagnum
1134 3173 1171 3216 m
1193 3153 1378 3220 Neweham

220 3240 322 3326 juxta
343 3240 488 3306 Preston
510 3241 555 3305 ad
569 3244 813 3306 nocumentum
833 3238 933 3304 liberi
951 3240 1139 3306 tenementi
1154 3239 1320 3305 Willelmi
1336 3242 1377 3309 de

222 3326 413 3393 Middelton
437 3327 474 3391 in
496 3328 651 3408 Preston,
675 3331 753 3412 post
775 3327 930 3413 primam,
948 3329 1012 3392 etc.
1058 3328 1104 3391 Et
1118 3326 1209 3392 unde
1223 3329 1378 3411 queritur

221 3416 312 3498 quod
335 3435 396 3500 per
415 3415 658 3480 exaltationem
680 3415 831 3499 praedicti
858 3413 973 3499 stagni
999 3414 1140 3478 refullat
1163 3435 1252 3498 aqua
1276 3437 1378 3500 super

220 3505 358 3588 pratum
374 3524 471 3566 suum
488 3506 523 3567 et
539 3502 720 3567 submersit
732 3501 867 3568 circiter
878 3523 983 3566 unam
993 3521 1105 3566 acram
1121 3503 1213 3586 prati
1228 3507 1263 3568 et
1278 3502 1377 3567 dimi·

221 3589 325 3669 diam,
344 3592 409 3654 etc.
455 3589 501 3653 ut
524 3589 717 3657 Willelmus
744 3589 866 3654 (domin
891 3610 960 3654 non
980 3588 1086 3668 venit,
1102 3594 1138 3654 et
1164 3590 1375 3656 attachiatus

220 3676 290 3741 iuit
312 3698 373 3761 per
388 3676 579 3744 Gilbertum
594 3676 810 3762 filiumlllyae
825 3680 860 3742 et
880 3675 1068 3741 Henricum
1083 3675 1204 3740 Manui
1220 3676 1261 3743 de
1284 3677 1318 3741 N
1319 3699 1376 3742 eu·

221 3763 312 3828 ham.
358 3763 440 3830 Ideo
465 3763 531 3850 ipsi
554 3765 592 3829 in
613 3764 700 3829 mis'.
746 3765 792 3828 Et
815 3763 970 3848 capiatur
993 3762 1102 3828 assisa
1124 3784 1186 3847 per
1210 3763 1375 3830 defaltam

220 3872 335 3918 versus
361 3873 449 3918 eum.
503 3851 680 3918 Juratores
705 3850 825 3917 dicunt
855 3871 956 3936 super
989 3853 1241 3917 sacramentum
1274 3872 1374 3917 suum

221 3939 311 4023 quod
325 3938 506 4023 praedictus
523 3939 714 4005 Willelmus
730 3937 860 4023 Comyn
876 3936 1041 4003 exaltavit
1065 3936 1266 4022 praedictum
1283 3943 1376 4025 atag-

218 4047 303 4090 num
317 4026 360 4091 ad
384 4029 628 4093 nocumentum
647 4025 746 4092 liberi
764 4024 953 4092 tenementi
978 4024 1133 4110 praedicti
1147 4024 1310 4090 Willelmi
1334 4028 1376 4092 de

219 4113 412 4178 Middelton
443 4113 582 4199 injuste,
608 4118 685 4193 etc,
721 4113 809 4178 sicut
830 4113 929 4179 breve
956 4111 1050 4178 dicit.
1097 4113 1142 4176 Et
1167 4111 1245 4177 ideo
1267 4114 1376 4179 consi-

218 4200 376 4266 deratum
389 4203 441 4267 est
456 4202 546 4285 quod
560 4201 759 4286 praedictum
774 4205 935 4285 stagnum
950 4202 1186 4284 prosternetur
1207 4204 1375 4283 quantum

219 4288 328 4354 fuerit
364 4287 408 4352 ad
444 4291 696 4372 nocumentum,
724 4291 799 4368 etc,
833 4288 877 4354 ad
909 4290 1027 4353 custus
1064 4287 1172 4372 ipsius
1211 4286 1375 4353 Willelmi

219 4375 436 4530 limpppynoeper
462 4376 573 4442 visum
605 4374 869 4462 recognitorum,
897 4378 934 4441 et
962 4373 1155 4441 Willelmus
1181 4373 1312 4461 Oomyn
1339 4375 1376 4440 in

283 4485 441 4637 llaempna
456 4549 482 4635 ij
495 4551 531 4632 ε’,
548 4553 632 4617 tunc
651 4553 764 4636 capta.
