3278 5104
381 567 496 614 lssrzn
520 565 617 629 sous,
641 567 977 630 roarsuusrsasrn,
1000 549 1042 614 58
1065 570 1146 615 aas.
1169 571 1224 615 111.
1307 549 1370 614 135

220 725 257 787 et
272 721 375 824 Hugo
390 723 528 790 interim
543 722 649 808 quieti
665 722 735 788 sint
750 724 792 788 de
804 723 1037 790 communibus
1053 722 1372 790 summonitionibus

221 809 244 874 J
244 809 496 875 usticmriorum
512 832 650 876 suorum
673 832 959 896 quorumcumque
974 812 1011 875 in
1027 811 1207 876 itineribus
1225 811 1306 892 suis,
1323 810 1373 876 ita

221 897 312 981 quod
333 919 394 983 per
421 899 612 964 absentiam
636 919 706 963 non
730 897 957 963 amercientur
982 899 1157 964 occasione
1187 898 1371 964 summoni-

223 985 356 1049 tibnum
380 985 627 1070 praedictarum.
673 985 784 1067 Teste,
810 991 886 1066 eta,
916 986 1007 1071 apud
1036 985 1190 1050 Winton'
1221 1007 1287 1051 xxv
1316 985 1371 1053 die
1466 1029 1468 1036 ι

222 1071 416 1137 Decembris
430 1093 532 1152 anno,
548 1077 624 1154 eto,
639 1071 651 1135 l
667 1072 793 1137 tertio.¹

285 1208 404 1274 Assisa
426 1208 521 1274 venit
543 1209 757 1294 recognitum
788 1209 817 1274 si
846 1209 993 1275 Thomas
1018 1209 1106 1274 filius
1133 1209 1297 1274 Willelmi
1326 1209 1368 1274 <le

221 1295 414 1360 Milleburn’
437 1296 579 1383 injuste,
603 1302 679 1377 etc,
702 1296 886 1361 ‹lisseisivit
909 1297 1117 1382 Margariam
1135 1297 1177 1361 de
1197 1296 1368 1381 Mylburn'

221 1381 262 1448 de
277 1383 384 1449 libero
398 1387 593 1453 tenemento
615 1404 676 1448 suo
697 1384 734 1447 in
756 1381 1029 1464 Northbilbnnr,²
1042 1388 1120 1469 post
1133 1383 1289 1468 primam,
1305 1386 1368 1450 eto.

221 1470 268 1533 at
282 1467 372 1535 unde
387 1470 540 1554 queritur
556 1471 645 1555 qnod
660 1469 843 1535 dissaisivit
858 1491 932 1536 eam
947 1471 989 1535 de
1009 1470 1113 1536 tertia
1132 1474 1230 1557 parte
1252 1470 1368 1536 decem

223 1577 375 1621 acrarum
401 1560 499 1624 terrae
522 1557 559 1620 in
585 1557 864 1638 Northbilburne,
891 1561 926 1624 et
950 1558 993 1624 de
1017 1557 1149 1623 duabus
1163 1558 1188 1620 s’
1204 1557 1368 1638 redditus,

224 1665 300 1710 cum
323 1643 550 1729 pertinentiis,
573 1643 609 1708 in
632 1645 810 1729 Kynton'.³
854 1645 900 1708 Et
922 1644 1068 1710 Thomas
1088 1646 1192 1724 venit,
1214 1649 1248 1711 et
1262 1644 1370 1710 nichil

223 1731 308 1796 dicit
330 1751 433 1816 quare
457 1731 565 1796 assisa
588 1735 772 1812 remaneat,
799 1731 866 1796 nisi
890 1735 1026 1796 tantum
1054 1732 1143 1816 qnod
1169 1731 1254 1798 dicit
1280 1731 1368 1816 quod

223 1819 374 1902 quaedam
397 1817 567 1899 Anabilia,
584 1822 693 1884 mater
708 1839 779 1899 sua,
796 1818 882 1884 obiit
897 1818 1013 1883 seisita
1028 1819 1070 1884 de
1085 1818 1254 1903 praedictis
1277 1821 1368 1885 terra

225 1908 261 1970 et
276 1904 421 1986 redditu,
447 1909 486 1970 nt
511 1905 552 1970 de
575 1905 686 1986 feodo,
710 1909 745 1970 et
769 1905 857 1990 qnod
884 1906 967 1991 ipse,
992 1911 1231 1991 postmortem
1261 1905 1368 1991 ipsius

222 1991 399 2073 Anabilire,
426 1991 569 2056 intravit
593 1993 630 2056 in
655 1991 745 2056 idem
770 1995 1014 2073 tenementum,
1044 1995 1085 2056 ut
1113 1992 1200 2058 filins
1230 1993 1303 2078 ejus
1333 1999 1368 2057 et

223 2079 332 2160 heres,
354 2079 444 2144 unde
465 2079 549 2144 dicit
572 2079 661 2163 qnod
682 2079 712 2144 si
731 2079 844 2164 aliqua
859 2079 1038 2144 dissaisina
1053 2079 1085 2144 ei
1099 2079 1194 2145 facta
1208 2079 1288 2161 fuit,
1304 2081 1368 2144 hoc

222 2166 293 2231 fuit
306 2186 367 2251 per
381 2165 466 2231 alios
481 2169 516 2231 et
533 2187 601 2230 non
621 2165 823 2252 peripsum.
868 2167 914 2230 Et
940 2167 1029 2251 quod
1052 2166 1103 2230 ita
1128 2167 1184 2246 sit,
1211 2167 1308 2251 ponit
1332 2188 1368 2231 se

223 2253 484 2338 superassisam.
529 2252 776 2317 EtWillelmus
792 2252 882 2318 filius
894 2253 1067 2339 Radulphi
1077 2254 1118 2319 de
1130 2253 1315 2338 Halywelle
1331 2259 1367 2320 et

222 2339 244 2404 J
246 2341 397 2405 ohannes
413 2339 576 2419 Lecchur,
591 2339 832 2426 recognitores,
847 2361 916 2404 non
939 2345 1116 2420 venerunt,
1132 2340 1209 2405 ideo
1224 2340 1261 2404 in
1276 2340 1362 2406 mis'.

220 2428 243 2492 J
245 2434 397 2494 uratores
412 2427 531 2492 dicunt
546 2448 647 2512 snper
667 2433 915 2491 sacramentum
938 2449 1037 2492 suum
1058 2426 1147 2511 quod
1168 2428 1368 2512 pradictum

221 2518 454 2580 tenementum
490 2513 560 2578 fuit
592 2515 648 2598 jus
686 2518 721 2578 et
756 2512 900 2578 liberum
941 2513 1159 2599 maritagium
1199 2515 1366 2600 praedicta

222 2601 398 2682 Anabiliae,
422 2601 541 2666 matris
563 2600 716 2686 praedicti
738 2600 886 2681 Thomae,
909 2604 946 2665 et
967 2601 1053 2686 quod
1081 2601 1156 2686 ipsa
1182 2601 1260 2667 inde
1283 2602 1369 2666 obiit

223 2687 351 2770 saisita,
367 2692 403 2752 et
417 2688 507 2772 quod
521 2688 611 2753 idem
625 2687 782 2768 Thomas,
803 2691 882 2772 post
901 2693 1043 2752 mortem
1061 2688 1229 2774 pradictae
1251 2688 1370 2754 matris

223 2797 302 2858 suae,
325 2774 468 2840 intravit
490 2775 525 2838 in
550 2775 639 2840 idem
662 2777 905 2854 tenementum,
928 2777 969 2838 ut
991 2774 1081 2840 filius
1104 2776 1176 2860 ejus
1201 2780 1236 2840 et
1259 2775 1367 2841 heres.

223 2863 270 2926 Et
285 2862 405 2928 dicunt
420 2861 507 2946 quod
523 2861 683 2947 praedicta
699 2861 871 2947 Margaria
885 2883 1077 2946 nuncquam
1097 2861 1167 2925 fuit
1187 2861 1223 2925 in
1245 2862 1370 2927 seisina

223 2949 264 3015 de
293 2948 464 3035 predictis
495 2953 586 3016 terra
616 2953 651 3014 et
680 2948 826 3029 redditu,
857 2948 936 3013 inde
966 2949 1086 3014 dicunt
1114 2949 1251 3034 praecise
1280 2950 1370 3034 quod

223 3035 403 3122 praedictus
418 3035 565 3100 Thomas
586 3056 653 3100 non
675 3035 859 3101 disseisivit
880 3036 1076 3121 praedictam
1098 3036 1305 3121 Margariam
1327 3037 1369 3101 de

222 3123 382 3209 predicto
396 3128 592 3189 tenemento
614 3123 703 3208 quod
725 3122 841 3208 posuit
855 3122 892 3186 in
906 3123 980 3186 visu
996 3144 1056 3187 suo
1071 3120 1201 3206 injuste
1223 3128 1258 3187 et
1281 3123 1369 3189 sicut

222 3211 322 3277 breve
344 3209 439 3278 dicit.
483 3211 567 3276 Ideo
589 3209 837 3276 consideratum
854 3209 1010 3294 estquod
1026 3209 1207 3295 praedictus
1222 3210 1368 3276 Thomas

221 3297 301 3362 inde
317 3296 389 3364 sine
405 3297 470 3377 (lie,
486 3302 522 3362 et
535 3297 697 3383 predicta
711 3296 885 3382 Margana
898 3296 1004 3362 nichil
1019 3296 1132 3382 capiat
1147 3318 1207 3381 per
1227 3297 1369 3362 assisam

222 3384 335 3465 istam,
351 3387 405 3450 set
420 3383 467 3449 sit
480 3383 516 3448 in
533 3385 608 3449 mis’
624 3405 685 3470 pro
699 3383 788 3448 falso
803 3382 958 3449 clamore.

288 3519 510 3585 Eadmundus
527 3521 568 3586 de
585 3521 717 3601 Stolres,
734 3520 792 3605 qui
807 3521 890 3585 tulit
902 3521 1001 3585 breve
1013 3520 1132 3586 mortis
1148 3521 1370 3587 antecessoris

222 3628 337 3672 versus
359 3607 550 3673 Beatricem
571 3608 612 3672 de
635 3609 755 3673 Stolres
771 3611 806 3672 et
822 3608 906 3672 alios
922 3607 963 3672 de
979 3611 1173 3674 tenemento
1188 3608 1224 3672 in
1238 3607 1369 3692 alling-

221 3695 306 3776 ton’,
317 3695 411 3759 venit
421 3699 456 3760 et
467 3695 609 3762 retraxit
619 3717 664 3776 se,
676 3694 751 3760 ideo
764 3694 835 3779 ipse
847 3699 882 3759 et
893 3693 999 3780 plegii
1015 3695 1067 3760 sui
1083 3695 1123 3762 de
1138 3697 1368 3780 prosequendo

221 3781 259 3845 in
283 3781 369 3863 mis',
394 3781 533 3863 scilicet,
550 3781 724 3847 lohannes
750 3781 1019 3847 Molendinarius
1045 3782 1087 3847 de
1111 3783 1308 3869 Eltyngton’
1335 3786 1371 3848 et

225 3868 411 3934 Willelmus
428 3870 471 3934 de
485 3869 638 3955 Espeley.

286 4013 452 4080 Ricardns
474 4014 565 4079 filius
588 4014 729 4081 Uctredi
752 4013 841 4100 petit
864 4035 980 4079 versus
1002 4013 1184 4099 Hngonem
1209 4015 1250 4079 de
1274 4014 1369 4080 Dene

221 4101 370 4186 quinque
392 4121 486 4166 acras
510 4106 545 4167 et
566 4105 636 4168 tres
658 4102 756 4167 rodas
779 4107 877 4167 terrae
899 4123 976 4167 cum
995 4101 1213 4187 pertinentiis
1229 4102 1264 4165 in
1281 4102 1370 4189 Lyp-

219 4189 324 4269 wode,
348 4187 385 4252 in
414 4209 498 4273 quas
524 4189 614 4253 idem
643 4188 747 4275 Hugo
771 4210 839 4253 non
864 4189 968 4253 habet
993 4188 1184 4274 ingressum
1214 4189 1281 4254 nisi
1310 4211 1371 4275 per

254 4412 327 4466 ¹800
359 4415 419 4466 Par.
448 4413 519 4475 eorl,
548 4417 580 4465 53
609 4414 675 4464 Hes.
703 4413 768 4476 III,
821 4412 966 4511 Poptelaud
979 4413 1079 4491 Parish.
1231 4479 1237 4490 ¹

220 4497 264 4577 (1.,
270 4483 425 4600 bpmfflo
436 4545 477 4599 for
488 4545 577 4600 ΝΜ
589 4545 720 4616 Mfflbum
740 4544 769 4598 in
886 4479 993 4532 Kenton
1004 4495 1032 4530 rn
1044 4480 1168 4532 Goslorth
1180 4479 1279 4532 Psnsh.
