3264 5110
368 553 965 642 1111111111,11111111111111111,
992 559 1010 626 7
1035 581 1123 628 suu.
1147 582 1171 628 1.
1290 560 1354 627 315

201 733 308 799 1111111
322 732 412 798 filius
422 732 565 799 ‘Thomoe
580 733 621 801 de
636 733 769 815 11111111,
787 735 806 798 J
809 735 958 800 ohannes
974 735 1063 801 filius
1079 736 1158 801 Adae
1170 736 1211 800 de
1227 737 1353 802 eadem.

202 821 248 886 Et
274 821 444 885 Robertus
471 842 539 886 non
555 821 649 886 venit
673 827 709 886 et
731 822 802 886 fuit
827 823 1038 888 attachiatus
1065 844 1124 908 per
1152 823 1355 889 Willelmum

201 907 348 988 Ribaud,
360 907 534 973 dominum
546 908 588 972 dc
606 907 756 989 Hovviclr,
768 913 803 975 et
813 909 986 994 Rogemm
1002 910 1043 975 (11
1055 911 1266 996 Musegrave,
1279 911 1355 975 ideo

203 995 269 1080 ipsi
294 995 332 1059 in
359 995 445 1060 mis’.
501 996 547 1059 Et
572 995 692 1076 Adam,
717 999 753 1062 et
776 997 961 1076 iohannes,
986 1001 1022 1064 et
1048 997 1118 1077 alii,
1145 1019 1205 1082 per
1227 1003 1354 1064 sectam

202 1082 310 1168 ipsius
338 1081 516 1162 Johannis,
540 1081 688 1168 utlagati
719 1087 810 1147 sunt.
871 1083 974 1148 Nulla
1003 1084 1198 1151 habuerunt
1221 1085 1354 1150 catalla.

204 1169 249 1235 111
265 1169 344 1253 quia
359 1190 431 1234 mos
447 1173 498 1235 est
514 1169 551 1232 in
564 1169 632 1235 isto
647 1169 813 1235 comitatu
833 1171 921 1254 quod
942 1171 1124 1236 comitatus
1140 1175 1299 1238 teneatur
1314 1173 1355 1236 de

204 1279 263 1322 sex
273 1255 471 1342 septimanis
484 1256 518 1319 in
530 1277 588 1323 sex
597 1256 816 1342 septimanas,
830 1262 865 1322 et
877 1263 1084 1342 compertum
1095 1263 1148 1326 est
1157 1279 1218 1343 per
1228 1259 1355 1324 rotulos

204 1341 411 1410 coronatoris
428 1343 516 1428 quod
535 1343 663 1430 primns
684 1344 866 1409 comitatus
886 1349 1064 1430 postquam
1088 1345 1275 1411 intraverat
1295 1369 1355 1431 ap·

202 1430 329 1516 pellam
351 1452 448 1495 suum
475 1429 699 1497 aterminatus
722 1432 792 1496 fuit
810 1431 853 1496 ad
870 1436 999 1518 septem
1015 1433 1221 1516 septimanas
1237 1440 1356 1499 contra

72 1588 76 1594 ,
99 1538 102 1544 ’
204 1518 484 1585 consuetudinem
499 1518 692 1597 comitatus,
706 1519 782 1583 ideo
797 1519 841 1583 ad
853 1519 1019 1603 judicium
1036 1519 1076 1586 de
1093 1524 1167 1584 toto
1180 1521 1355 1586 comitatu.

206 1607 251 1670 Et
265 1605 435 1690 juratores
450 1605 570 1670 dicunt
586 1606 674 1690 quod
690 1605 885 1672 concordati
901 1609 992 1687 sunt,
1008 1605 1084 1672 ideo
1099 1607 1165 1692 ipsi
1181 1607 1217 1672 in
1233 1608 1318 1673 mis'.

270 1773 438 1838 Robertus
463 1772 601 1852 Orokiu,
626 1771 795 1838 Robextns
817 1773 859 1840 de
882 1774 1060 1854 Caverton,
1081 1776 1117 1838 et
1137 1774 1310 1839 iohannes
1325 1773 1357 1838 11

206 1858 392 1946 Ohapelein
416 1860 613 1927 occiderunt
638 1859 829 1939 Matildam,
854 1882 927 1944 quae
950 1861 1020 1924 fuit
1038 1881 1124 1925 uxor
1148 1861 1301 1946 Aytropi,
1323 1867 1358 1928 et

206 1947 323 2012 statim
348 1948 389 2011 fu
414 1951 515 2012 erunt
536 1951 572 2011 et
595 1947 879 2028 malcoreduntur,
904 1948 980 2012 ideo
1003 1947 1186 2032 exigantur
1209 1952 1245 2014 et
1269 1948 1356 2013 utla

206 2040 338 2118 gentur.
384 1970 517 2100 gaiana
532 2034 683 2119 praedicti
698 2035 839 2101 Roberti
853 2035 886 2098 ix
898 2035 935 2116 s’,
952 2035 1041 2099 unde
1058 2034 1149 2099 idem
1172 2035 1356 2101 vicecomes

205 2121 416 2206 respondeat.
462 2123 507 2185 nt
528 2123 574 2206 xij
598 2121 768 2206 juratores
788 2121 877 2187 falso
894 2123 1174 2208 appreciaverunt
1193 2123 1357 2209 praedicta

206 2209 341 2290 catalla,
358 2209 435 2275 ideo
449 2210 486 2272 in
502 2208 588 2273 mis'.

271 2347 418 2412 Thomas
434 2346 525 2412 filius
540 2344 703 2411 Willelmi
717 2346 759 2410 de
775 2345 976 2430 Dodington
988 2347 1113 2412 occidit
1128 2348 1236 2413 Edam
1251 2350 1355 2416 filiam
1394 2413 1396 2418 .

209 2435 349 2501 Henrici
373 2438 408 2499 et
433 2435 550 2499 statim
574 2433 668 2518 fugit
692 2437 727 2496 et
759 2433 1003 2513 malecreditur,
1033 2434 1110 2500 ideo
1136 2435 1293 2521 exigatur
1322 2443 1358 2502 et

208 2521 392 2607 utlagatur.
423 2520 555 2587 Catalla
567 2520 642 2605 ejus
652 2521 697 2604 vij
707 2521 732 2584 s’
748 2520 774 2606 ij
786 2521 830 2600 d’,
844 2520 933 2585 unde
946 2521 1128 2587 vicecomes
1144 2524 1356 2609 respondeat.

207 2610 253 2673 Et
277 2609 401 2686 villatae
426 2609 468 2674 do
492 2607 702 2692 Dodington'
719 2610 755 2672 et
769 2607 956 2673 Bellesdon’
973 2629 1042 2672 non
1057 2616 1220 2694 ceperunt
1234 2611 1357 2697 ipsum,

207 2695 283 2764 ideo
298 2696 333 2762 in
351 2697 436 2763 mis’.

271 2857 461 2922 Willelmus
483 2855 615 2940 Spende
636 2875 814 2940 oppressus
833 2855 903 2920 init
921 2857 1066 2940 quadarn
1081 2861 1158 2922 rota
1173 2858 1360 2924 molendini

209 2945 369 3030 aquatici,
394 2946 445 3008 ita
478 2943 567 3027 quod
591 2942 671 3006 inde
698 2942 793 3006 obiit.
848 2942 970 3008 Nullus
1000 2944 1079 3008 inde
1111 2945 1356 3012 malecreditur.

208 3034 227 3096 J
231 3033 391 3113 odicium,
407 3030 645 3096 infortunium.
690 3028 845 3096 Precium
861 3034 944 3095 rotae
958 3031 1002 3116 xij
1016 3032 1060 3111 d',
1072 3032 1161 3098 unde
1176 3033 1359 3099 vicecomes

207 3120 420 3206 respondeat.
486 3118 532 3183 Et
556 3116 675 3182 villata
693 3116 734 3181 dc
759 3116 941 3182 Wetwode¹
964 3139 1032 3183 non
1050 3118 1144 3185 venit
1158 3120 1203 3185 ad
1217 3119 1358 3205 inquisi-

206 3207 345 3287 tionem,
361 3207 437 3272 ideo
453 3206 490 3270 in
506 3203 593 3270 mis’.

272 3344 455 3430 Gregorius
470 3341 561 3407 filius
577 3342 658 3406 Adae
673 3341 714 3407 (11
732 3343 856 3407 Heton'
878 3342 1002 3408 occidit
1018 3342 1228 3428 Stephanum
1244 3345 1358 3411 'Podde

207 3434 244 3497 in
268 3433 367 3497 Mora
389 3432 430 3498 de
459 3431 595 3510 Heton',
623 3433 659 3494 et
683 3428 801 3493 statim
825 3428 919 3516 fugit
945 3432 980 3493 et
1006 3430 1253 3513 malcoreditur,
1282 3433 1357 3498 ideo

205 3519 363 3607 exigatur
386 3523 421 3584 et
448 3519 631 3603 utlagatur.
678 3515 812 3581 Cataila
838 3518 909 3602 ejus
926 3516 980 3602 xvj
994 3517 1037 3598 d',
1062 3518 1151 3584 unde
1175 3517 1358 3586 vicecomes

206 3607 418 3693 respondeat.
464 3607 510 3670 Et
533 3603 657 3669 villatas
683 3602 724 3668 de
750 3601 1092 3670 Ηο11111”11Η11111
1117 3626 1185 3669 11111
1200 3607 1357 3673 fecerunt

208 3699 334 3761 sectam
350 3696 429 3780 post
442 3693 565 3777 ipsum,
582 3691 657 3756 ideo
672 3691 707 3754 in
725 3690 811 3755 mis’.
1162 3749 1165 3753 .

272 3839 447 3906 Galiridus
477 3838 567 3902 filius
596 3836 781 3902 Alexandri
810 3834 934 3901 occidit
963 3835 1164 3922 Gregorium
1191 3839 1297 3905 Lever
1323 3840 1359 3905 in

207 3927 289 3993 villa
318 3928 359 3992 de
388 3923 594 3991 Lovervvick⁸
625 3928 660 3989 et
686 3922 804 3989 statim
831 3923 926 4008 fugit
952 3928 988 3988 et
1012 3923 1258 4007 malecreditnr,
1283 3927 1359 3993 ideo

207 4013 423 4188 ξέἐξὲξιὲὲἓ
447 4013 631 4098 utlagetur.
677 4010 811 4076 Oatalla
832 4011 904 4095 ejus
932 4010 982 4095 xvj
997 4011 1041 4090 d’,
1061 4012 1150 4078 unde
1175 4014 1358 4080 vicecomes

176 4320 180 4328 Ι
273 4241 325 4305 De
348 4239 464 4304 eodem
485 4236 677 4304 vicecomite
700 4237 742 4300 de
765 4235 896 4302 catallis
922 4237 1062 4304 Henrici
1080 4237 1271 4324 Plascheyt,
1287 4263 1358 4308 sus-

207 4328 316 4414 pensi,
331 4327 357 4411 ij
370 4327 395 4390 s’
411 4325 468 4409 viij
479 4324 523 4389 d'.

242 4499 425 4555 ¹Weotvood.
808 4472 812 4480 ι
844 4495 999 4564 ³Prcbably
1032 4497 1137 4552 Iaovick
1171 4497 1200 4550 in
1236 4499 1359 4556 Glandnlc

240 4563 768 4622 ²110rronmdfleat0nincanleward.
812 4563 900 4615 Ward.
