3272 5092
271 493 335 558 256
436 512 550 558 rssrzr
574 511 675 573 aonn,
699 511 1038 572 concrematur,
1063 491 1081 558 ⁷
1104 512 1191 559 new.
1214 512 1239 558 1.

271 667 422 754 grafton,
434 687 592 770 proavus
604 665 762 770 praedicti
776 666 926 748 Ricardi‚
942 667 1041 752 cujus
1067 665 1165 734 heres
1186 667 1259 752 ipse
1274 668 1336 747 est,
1351 664 1423 730 fuit

271 755 416 840 seysitus
430 776 469 819 1n
484 755 654 821 dominrco
669 773 731 819 suo
745 758 787 819 ut
799 753 910 834 feodo,
921 753 975 820 die
986 774 1065 840 quo,
1076 759 1140 820 eto.
1177 755 1224 820 Et
1235 755 1258 820 J
1259 754 1421 836 ohannes,

272 841 392 922 Alicia,
408 847 445 907 et
471 842 575 928 Hugo
601 840 752 908 veniunt.
800 843 846 907 Et
871 841 986 928 Hngo,
1010 842 1051 907 de
1075 842 1281 908 tenementis
1305 861 1421 907 versus

271 951 348 995 eum
367 929 497 1016 petitis,
513 929 598 994 dicit
619 927 709 1014 quod
735 950 802 994 non
828 929 927 995 debet
952 929 985 995 ei
1008 929 1219 1014 respondere,
1236 929 1315 1014 quia
1337 928 1422 993 dicit

270 1018 359 1102 quod
382 1038 451 1083 non
473 1020 569 1082 tenet
583 1016 744 1101 praedicta
758 1020 956 1083 tenemento
972 1037 1087 1082 versus
1103 1037 1178 1084 eum
1202 1017 1321 1102 petita,
1337 1015 1422 1080 dicit

271 1105 363 1169 enim
379 1105 468 1189 quod
485 1104 636 1188 quaedam
651 1103 781 1184 Aricia,
797 1107 906 1169 mater
920 1102 1025 1189 ipsius
1041 1103 1210 1189 Hugonis‚
1226 1125 1265 1168 ea
1280 1107 1375 1170 tenet
1386 1108 1422 1169 et

267 1191 381 1256 tenuit
396 1191 451 1256 die
471 1211 538 1277 quo
554 1192 652 1257 breve
667 1211 765 1256 suum
780 1212 894 1257 versus
910 1212 988 1256 eum
1002 1191 1197 1276 inpetravit,
1213 1190 1352 1271 scilicet,
1370 1191 1418 1276 xij

268 1278 323 1344 die
338 1278 494 1344 Januarii
518 1280 582 1345 hoo
604 1298 705 1344 anno.
749 1279 796 1343 Et
811 1278 852 1345 de
867 1279 932 1344 hoc
955 1278 1054 1365 ponit
1077 1299 1113 1344 se
1139 1299 1240 1363 super
1262 1279 1419 1364 patriam.

271 1366 317 1430 Et
332 1364 534 1451 Radnlphus
557 1365 725 1431 similiter.
772 1365 853 1431 Ideo
879 1365 942 1430 fiat
968 1365 1048 1430 inde
1074 1365 1199 1450 jurata.
1245 1367 1420 1432 Juratores

273 1453 393 1518 dicunt
409 1473 509 1538 super
525 1457 774 1519 sacramentum
798 1474 896 1517 snum
919 1453 1009 1538 quod
1031 1453 1193 1537 praedicta
1206 1453 1325 1519 Aricia
1339 1475 1423 1538 praa-

271 1540 373 1605 dictis
390 1540 444 1606 die
460 1545 495 1605 et
510 1560 600 1604 anno
614 1542 729 1605 tenuit
751 1539 914 1625 praedicta
935 1543 1132 1606 tenementa
1146 1561 1260 1607 versus
1281 1541 1420 1626 praedic-

272 1631 347 1692 tum
365 1628 547 1711 Hugonem
562 1627 682 1712 petita.
727 1626 774 1691 Et
796 1627 871 1692 ideo
887 1626 1138 1692 consideratum
1161 1629 1316 1712 estquod
1339 1649 1420 1713 prae-

270 1715 382 1780 diotus
399 1714 502 1800 Hugo
518 1715 599 1779 inde
615 1715 687 1779 sine
702 1713 768 1792 die,
784 1719 820 1779 et
834 1713 1000 1780 Ricardus
1011 1714 1117 1780 nichil
1129 1714 1242 1800 capiat
1254 1717 1421 1801 perbreve

270 1799 375 1882 istud,
393 1805 444 1868 set
460 1802 559 1866 sitin
575 1801 651 1866 mis’
666 1822 727 1886 pro
739 1800 829 1866 falso
844 1802 999 1882 clamore,
1017 1805 1080 1866 etc.

335 1889 382 1954 nt
397 1889 551 1973 praedicti
566 1889 588 1954 J
591 1889 742 1953 ohannes
765 1892 800 1953 et
815 1887 927 1954 Alicia
948 1888 990 1954 de
1012 1889 1217 1954 tenementis
1233 1909 1348 1955 versus
1364 1909 1420 1954 eos

270 1977 390 2062 petitis
405 1980 529 2041 vocant
544 1975 624 2040 inde
641 1976 681 2040 ad
700 1979 906 2039 warrantum
931 1975 1129 2061 praedictum
1153 1976 1346 2060 Hngonem,
1362 1977 1421 2062 qui

268 2084 414 2150 praesens
430 2065 492 2143 est,
509 2066 543 2128 et
559 2062 607 2128 eis
620 2062 847 2141 warrantizat,
858 2067 894 2127 et
908 2062 1074 2128 deffendit
1088 2063 1144 2148 jus
1155 2085 1263 2143 suum,
1274 2067 1420 2149 quando,

270 2155 347 2231 etc,
363 2155 398 2215 et
413 2150 499 2216 bene
524 2149 689 2215 deffendit
711 2151 800 2235 quod
825 2150 1005 2234 praedictus
1031 2149 1244 2235 Ranulphus‚
1261 2151 1303 2217 de
1326 2154 1420 2237 cujus

270 2241 390 2319 morte,
406 2241 481 2318 etc,
498 2258 567 2301 non
590 2237 676 2301 obiit
701 2237 780 2302 inde
807 2237 952 2322 seysitus
978 2237 1015 2300 in
1042 2237 1210 2303 dominico
1233 2259 1294 2303 suo
1317 2244 1356 2302 nt
1378 2239 1420 2304 de

269 2325 380 2405 feodo,
397 2329 461 2390 etc.
507 2323 552 2388 Et
568 2324 609 2388 de
625 2325 687 2389 hoc
702 2325 800 2409 ponit
816 2344 851 2389 se
868 2345 968 2409 super
982 2324 1141 2410 patriam.
1186 2325 1231 2390 Et
1254 2325 1420 2391 Ricardus

270 2411 435 2478 similiter.
482 2411 565 2477 Ideo
594 2411 656 2475 fiat
681 2411 761 2476 inde
787 2411 913 2496 jurat-a.
966 2412 989 2476 J
991 2417 1143 2478 aratores
1172 2413 1290 2478 dicunt
1321 2434 1422 2499 super

270 2504 518 2566 sacramentum
549 2520 648 2564 suum
675 2500 766 2582 qnod
802 2499 982 2584 pradictus
1012 2499 1224 2584 Ranulphus‚
1250 2500 1292 2566 de
1322 2501 1420 2586 cujus

269 2591 388 2667 morte,
412 2591 487 2668 eto,
510 2607 578 2651 non
605 2585 692 2651 obiit
718 2586 864 2671 seysitus
891 2586 933 2650 de
960 2586 1132 2671 praedictis
1158 2588 1360 2654 tenementis
1383 2587 1421 2651 in

269 2673 440 2740 dominico
468 2695 529 2738 suo
554 2677 594 2737 ut
618 2673 660 2738 de
681 2672 794 2738 feodo,
841 2673 887 2737 Et
903 2673 978 2738 ideo
995 2673 1247 2740 consideratum
1263 2679 1316 2740 est
1332 2675 1420 2762 quod

269 2761 449 2846 praedictus
465 2761 569 2846 Hugo
584 2760 663 2824 inde
680 2759 753 2826 sine
767 2760 834 2840 die,
850 2765 886 2824 et
906 2760 1074 2826 Ricardus
1097 2761 1203 2827 nichil
1225 2761 1340 2847 capiat
1361 2783 1422 2849 per

267 2849 419 2934 juratam
435 2848 550 2928 istam,
567 2851 619 2913 set
635 2848 682 2912 sit
696 2847 733 2910 in
750 2847 827 2911 mis'
843 2867 905 2932 pro
919 2847 1008 2914 falso
1024 2847 1181 2928 clamore,
1196 2853 1260 2916 eto.

191 3081 195 3094 .
332 3027 525 3093 Alexander
542 3027 584 3092 de
610 3025 753 3112 Boulxyl,
769 3026 939 3092 Robertns
964 3027 1006 3092 de
1033 3025 1237 3107 Botelaund,
1254 3027 1421 3094 Ricardns

268 3117 352 3197 Kar,
384 3115 557 3181 Gilbertus
587 3114 629 3179 de
659 3113 876 3199 Lydersdale,
910 3113 1102 3179 Willelmus
1134 3113 1167 3182 le
1202 3115 1420 3200 Desspenser,

269 3203 443 3268 lohannes
474 3201 574 3288 Grey,
605 3200 799 3267 Willelmus
830 3200 982 3283 Dantur,
1020 3201 1187 3267 Ricardus
1223 3201 1420 3288 Kouhyrde,

269 3291 416 3356 Thomas
446 3289 488 3354 de
518 3288 707 3367 Hedenam,
738 3288 840 3372 Elyas
869 3288 1041 3374 Bangard‚
1068 3289 1215 3354 Thomas
1246 3289 1420 3375 Lylleboy,

270 3379 440 3443 Robertus
455 3377 497 3441 de
512 3375 764 3460 Aldebururgh'
780 3375 964 3440 attachiati
985 3375 1127 3440 fuerunt
1141 3375 1186 3441 ad
1200 3378 1422 3462 ressponden-

270 3467 351 3530 dum
367 3465 389 3530 J
391 3463 520 3528 ohanni
535 3463 576 3528 de
595 3464 824 3548 Hertweyton'
840 3463 882 3528 de
896 3462 1023 3547 placito
1033 3484 1137 3547 quare
1152 3464 1219 3548 ipsi
1233 3463 1335 3528 simul
1344 3487 1422 3532 cum

266 3551 450 3629 Oriatiana
477 3570 581 3617 uxore
604 3549 757 3634 praedicti
784 3549 980 3630 Alexandri,
1009 3550 1140 3614 Thoma
1167 3551 1235 3615 lilio
1264 3552 1347 3617 Adae
1379 3553 1421 3618 de

268 3639 474 3717 Lilleburne,
501 3639 537 3702 et
563 3636 700 3721 Philipo
724 3636 756 3702 le
779 3636 857 3702 Keu
879 3659 955 3702 cum
975 3636 1156 3722 pradictus
1182 3637 1356 3704 Johannes
1379 3640 1422 3705 de

270 3728 303 3791 H
305 3727 492 3810 ertweyton
507 3723 543 3788 in
559 3724 706 3808 dampno
733 3743 793 3788 suo
818 3724 931 3790 averia
953 3725 1107 3809 praedicti
1121 3724 1307 3790 Alexandri
1331 3727 1421 3811 apud

268 3813 416 3898 Tenwylr
441 3810 587 3897 cepisset
611 3816 645 3875 et
672 3832 712 3878 ea
736 3811 920 3877 secundum
946 3811 1055 3897 legem
1080 3817 1115 3877 et
1139 3814 1421 3880 consuetudinem

267 3901 365 3987 regni
381 3900 557 3983 inparcare
571 3897 744 3977 voluisset,
760 3897 863 3964 iidem
884 3898 1088 3979 Alexander,
1103 3899 1285 3982 Robertua
1302 3901 1421 3967 Ricar-

268 3990 342 4068 dus,
360 3986 546 4065 (tilbertus,
572 3984 774 4064 Willelmus,
801 3985 986 4066 Johannes‚
1012 3985 1216 4067 Willelmus,
1244 3987 1421 4071 Ricardus,

268 4077 426 4152 Thomas,
452 4072 566 4158 Elyas,
592 4072 750 4152 Thomas,
774 4076 810 4137 et
834 4073 1004 4138 Robertus
1030 4073 1132 4138 simul
1157 4095 1231 4139 cum
1260 4077 1423 4159 praedicta

177 4180 180 4186 ·
269 4162 441 4229 Oristiana
465 4166 501 4225 et
527 4159 614 4239 aliis,
630 4159 745 4226 averia
767 4159 826 4225 illa
848 4159 881 4224 vi
907 4163 943 4225 et
968 4161 1071 4224 armis
1096 4162 1363 4244 reschusserunt,
1386 4169 1423 4229 et

267 4249 420 4316 homines
436 4247 543 4332 ipsius
565 4247 732 4312 Johannis
757 4247 798 4313 de
824 4247 1058 4332 Hertweyton’
1085 4247 1210 4313 ibidem
1236 4249 1422 4316 existentes

267 4337 539 4414 verberaverunt,
564 4334 847 4409 numeraverunt,
875 4337 910 4400 et
937 4335 1271 4418 maletractaverunt,
1295 4339 1423 4404 atalia

268 4423 420 4491 enormia
434 4423 483 4487 eis
498 4421 689 4487 intulerunt
704 4421 747 4486 ad
764 4422 949 4506 dampnum
961 4421 1068 4506 ipsius
1081 4423 1104 4487 J
1105 4423 1251 4488 ohannis
1264 4424 1305 4489 de
1315 4425 1421 4491 Hert-

267 4511 411 4599 weyton'
430 4508 553 4596 viginti
569 4509 617 4590 li',
633 4513 669 4574 et
683 4512 803 4575 contra
817 4529 945 4597 pacem,
962 4511 1026 4578 etc.
1072 4510 1119 4576 nt
1133 4511 1223 4578 unde
1237 4512 1422 4597 praedictus
