3280 5112
371 583 486 629 sssran
509 582 608 644 noun,
633 564 1038 645 murmurantum
1061 584 1144 630 nur.
1168 585 1221 630 111.
1333 563 1373 628 ol

219 735 378 801 tinentiis
405 736 442 801 in
467 735 549 802 villa
574 737 664 802 Novi
683 737 798 803 Oostri
820 759 922 824 super
943 737 1064 803 'Piuam
1078 742 1119 803 ut
1133 737 1249 803 dotem
1264 758 1372 819 susm,

221 827 286 888 eto.
331 824 378 888 Et
400 824 603 909 deulphus
626 824 720 891 venit
735 828 771 892 et
785 825 870 890 dicit
886 826 975 911 quod
990 826 1067 911 ipsa
1081 845 1150 890 non
1168 823 1268 890 debet
1292 825 1373 891 inde

221 910 336 976 dotem
351 911 487 993 habere,
503 911 584 997 quia
599 912 684 977 dioit
699 912 789 997 quod
808 912 899 980 idem
921 913 1081 992 Thomas,
1096 912 1151 978 die
1173 934 1240 997 quo
1262 912 1373 998 ipsam

221 997 1372 1085 dessponsavitneounequampostea‚tenuitterramilleminfeodo,

220 1084 270 1149 ite
285 1084 375 1168 quod
390 1105 466 1150 eam
480 1086 560 1152 inde
575 1086 693 1152 dotare
709 1086 833 1172 potuit.
879 1087 925 1152 llt
949 1088 990 1154 de
1014 1087 1079 1153 hoo
1098 1086 1198 1171 ponit
1220 1107 1256 1152 se
1272 1107 1373 1172 super

220 1171 372 1257 juratum
388 1172 486 1254 villar,
502 1176 538 1238 et
553 1172 731 1239 Milisenta
745 1173 913 1240 similiter.

288 1259 334 1323 Et
353 1261 534 1343 juratores,
562 1261 603 1326 de
631 1280 797 1328 consensu
820 1259 971 1346 partium
992 1259 1103 1342 electi,
1128 1260 1247 1325 dieunt
1274 1281 1375 1346 super

220 1350 473 1412 sacramentum
498 1368 599 1413 suum
621 1347 711 1432 quod
734 1347 916 1434 prmdiotus
937 1349 1097 1428 Thomas,
1113 1347 1168 1412 die
1184 1369 1250 1432 quo
1265 1348 1375 1433 ipsam

220 1433 458 1517 dessponssrit
467 1454 530 1500 neo
538 1455 708 1519 unoquam
717 1435 969 1520 postea‚tenuit
977 1445 1106 1499 terram
1114 1434 1252 1500 illamiu
1262 1435 1374 1515 feodo,

221 1521 273 1585 ita
298 1521 386 1604 quod
410 1521 519 1606 ipsam
542 1521 622 1586 inde
644 1521 763 1588 dotare
777 1522 903 1606 potuit.
949 1522 995 1586 Et
1020 1521 1097 1588 ideo
1125 1521 1376 1588 consideratum

222 1608 381 1692 estquod
404 1607 586 1692 pradictus
609 1608 813 1694 Radulphus
828 1609 909 1674 inde
925 1607 999 1674 sine
1009 1599 1080 1690 ‘die,
1097 1612 1133 1674 et
1147 1609 1325 1674 Milisente
1339 1609 1376 1672 in

222 1693 300 1759 mis'
314 1716 377 1781 pro
391 1695 482 1761 falso
497 1695 652 1761 clamore.

290 1822 438 1889 Thomas
461 1823 607 1889 Ebemsn
626 1822 716 1908 petit
731 1844 847 1888 versus
862 1821 1082 1904 cristianam,
1098 1823 1203 1889 filiam
1217 1823 1378 1910 Hugonis

222 1910 265 1975 de
289 1910 470 1992 Botehal’‚¹
494 1933 601 1976 unum
626 1910 857 1994 messuagium
883 1932 960 1976 eum
983 1909 1203 1995 pertinentiis
1229 1910 1266 1974 in
1296 1911 1377 1976 villa

222 1997 313 2062 Novi
328 1995 442 2062 Oestri
454 2019 555 2082 super
569 1997 703 2077 Tinam,
714 2000 754 2062 ut
769 1997 826 2082 jus
836 2019 947 2077 suum,
957 2001 1020 2063 eto.
1067 1998 1113 2062 Et
1125 1999 1215 2063 unde
1224 1999 1375 2082 quaedam

222 2081 406 2166 ctislians,
434 2089 544 2152 mater
569 2083 724 2168 ejusdem
747 2084 895 2164 Thomu,
918 2083 988 2150 fuit
1013 2084 1132 2150 seisita
1155 2083 1191 2149 in
1208 2085 1378 2152 dominico

221 2191 284 2235 suo
299 2174 339 2235 ut
354 2171 397 2236 de
411 2170 514 2238 feodo
529 2175 564 2236 et
583 2171 671 2272 jure,
688 2175 840 2256 tempore
862 2169 967 2256 Regis
990 2191 1093 2248 nune,
1109 2171 1273 2256 sapiendo
1297 2173 1378 2238 iude

221 2257 370 2343 expletis
396 2258 441 2322 ad
466 2258 662 2338 valentiam,
679 2261 744 2322 eto.
790 2258 837 2321 Et
858 2258 901 2322 de
921 2257 996 2343 ipss
1011 2257 1184 2323 Oristiena
1199 2258 1376 2324 deseendit

223 2345 281 2430 jus
296 2345 450 2430 praedioti
465 2344 651 2430 messuagii
665 2344 727 2409 isti
742 2345 890 2426 Phomae,
907 2345 966 2430 qui
981 2366 1073 2412 nuno
1087 2344 1188 2430 petit,
1201 2349 1242 2409 ut
1257 2345 1328 2412 filio
1343 2349 1379 2412 et

222 2432 351 2512 heredi,
367 2435 403 2497 et
419 2432 510 2516 quod
525 2431 594 2497 tale
610 2432 657 2497 sit
668 2433 725 2518 jus
741 2453 851 2512 suum,
863 2431 977 2511 offert,
993 2437 1057 2499 ete.

288 2518 335 2583 Et
362 2517 515 2585 Oristina
540 2519 646 2586 venit.
691 2519 817 2584 Postea
842 2519 938 2586 venit
963 2517 1146 2604 praedietus
1169 2519 1316 2586 Thomas
1343 2523 1379 2585 et

220 2606 366 2674 retraxit
382 2626 428 2672 se.
473 2607 556 2673 Ideo
571 2605 746 2672 Oristisna
760 2605 841 2671 inde
856 2605 1007 2688 siradio,
1019 2608 1055 2672 et
1069 2606 1219 2674 Thomas
1232 2606 1270 2671 in
1281 2607 1377 2673 mis’z

219 2713 289 2758 non
305 2693 438 2759 invenit
452 2693 582 2780 plegios
598 2693 679 2779 quia
693 2713 755 2779 per
768 2694 868 2760 breve
882 2693 925 2758 de
939 2697 1044 2774 recto,
1060 2695 1126 2760 eto.

286 2822 405 2888 Assisa
419 2821 515 2888 venit
529 2821 746 2909 recognitum
762 2821 791 2888 si
813 2822 983 2888 Robortus
999 2822 1041 2888 de
1056 2822 1127 2888 Ros
1142 2821 1283 2909 injuste,
1300 2826 1377 2903 eto,

218 2909 405 2976 disseisivit
432 2909 603 2975 Simonem
631 2908 740 2974 filium
765 2909 893 2996 Rogeri
918 2909 961 2976 de
987 2909 1167 2995 Horseleg’
1199 2910 1242 2974 de
1268 2910 1376 2975 libero

219 3001 418 3063 tenemento
444 3017 506 3062 suo
529 2997 566 3061 in
591 2997 792 3076 Presteien’,
813 3000 892 3082 post
918 2995 1073 3081 primam,
1095 2999 1160 3062 eto.
1217 2997 1263 3061 Et
1287 2997 1378 3062 uude

222 3083 378 3168 queritur
400 3084 490 3168 quod
516 3083 701 3150 disseisirit
726 3105 802 3151 eum
826 3084 869 3149 de
891 3083 1023 3148 duabus
1039 3083 1172 3149 bevotis
1187 3087 1287 3150 terrae
1302 3105 1380 3149 oum

247 3170 453 3252 ertinentiis,
469 3174 534 3237 eto.
580 3170 627 3235 Et
653 3171 825 3236 Robertus
845 3191 916 3236 non
940 3170 1044 3251 venit,
1061 3171 1121 3236 sed
1143 3170 1314 3236 Robertus
1338 3172 1380 3236 de

222 3194 394 3342 turgowe,
411 3257 557 3324 ballivus
573 3258 660 3344 ejus,
676 3257 771 3324 venit
786 3263 822 3324 et
835 3257 1014 3343 respondit
1027 3278 1089 3343 pro
1104 3278 1155 3324 eo.
1201 3259 1248 3322 Et
1271 3257 1380 3324 nichil

221 3344 306 3410 dioit
330 3365 434 3429 quere
461 3344 568 3410 aesiss
597 3349 784 3411 remaneat.
830 3343 876 3408 Et
903 3344 1052 3410 Michael
1076 3343 1118 3410 de
1146 3344 1264 3427 Kille',
1288 3366 1378 3410 unus

222 3429 1380 3585 reszslsalsrltlslsrlssz‘lllssltls

221 3606 264 3671 de
278 3605 441 3691 praedieto
456 3542 663 3686 tenemento,
680 3542 771 3691 quiid
785 3605 901 3691 posuit
916 3606 953 3669 iu
969 3605 1045 3670 visu
1054 3627 1127 3686 suo,
1142 3605 1286 3691 injuste,
1302 3609 1379 3688 eto,

222 3693 313 3759 sicut
338 3693 439 3758 breve
463 3693 558 3758 dicit.
613 3693 696 3758 Ideo
723 3693 977 3758 consideratum
1002 3693 1169 3776 estquod
1199 3693 1379 3778 praediotns

224 3780 343 3844 Simon
366 3783 544 3866 recuperet
571 3780 732 3845 seisinam
755 3801 816 3865 per
842 3779 953 3845 risum
975 3779 1240 3865 recognitorum,
1257 3784 1293 3847 et
1313 3779 1380 3846 Ro-

222 3866 339 3933 bertus
354 3866 390 3931 in
406 3867 492 3934 mis'.
538 3865 697 3952 Dsmpna
712 3866 784 3931 xla.
1203 3877 1204 3882 ’

286 3995 385 4060 Prior
400 3994 441 4061 de
456 3995 645 4082 Kyrkhem,
660 4017 722 4081 per
741 3996 957 4061 attornetum
979 4015 1089 4076 suum,
1105 3993 1233 4079 optulit
1249 4016 1285 4061 se
1301 3995 1380 4081 iiije

222 4081 278 4148 die
292 4103 409 4149 versus
425 4083 613 4149 Robertum
624 4083 665 4149 de
674 4082 745 4147 Ros
758 4082 800 4147 de
815 4081 943 4167 placito
955 4081 1046 4166 quod
1057 4081 1178 4147 reddat
1190 4081 1222 4147 ei
1233 4083 1381 4168 triginta

222 4190 364 4250 meroes,
374 4190 458 4254 quas
468 4169 501 4236 ei
509 4173 623 4235 aretro
635 4173 715 4235 suot
727 4170 768 4234 de
781 4190 895 4234 annuo
907 4168 1046 4233 redditu
1061 4190 1112 4234 os.
1128 4172 1165 4233 et
1178 4173 1327 4253 quatuor
1335 4169 1381 4250 (Ρ,

223 4276 323 4340 quem
339 4256 371 4321 ei
387 4257 498 4338 (lebet,
514 4260 579 4322 eto.
625 4257 672 4321 Et
687 4255 759 4342 ipse
774 4276 843 4321 non
865 4255 972 4336 venit,
989 4260 1067 4336 eto„
1084 4259 1120 4320 et
1141 4255 1269 4340 pluries
1295 4256 1381 4323 feeit

223 4342 380 4410 defaltas.
426 4343 509 4410 Ideo
534 4346 742 4430 praeoeptum
763 4343 846 4428 [est]
868 4341 1059 4408 rioeoomiti
1078 4342 1169 4426 quod
1193 4342 1382 4429 distringat

223 4450 301 4494 eum
314 4451 376 4518 per
391 4451 507 4498 omnes
524 4435 646 4512 terras,
662 4433 727 4497 eto.
772 4430 840 4511 Its,
862 4433 926 4496 eto.
973 4429 1102 4510 Doneo,
1119 4431 1183 4495 eto.
1230 4430 1277 4494 llt
1291 4431 1382 4514 quod

666 4584 674 4615 ¹
692 4583 819 4650 Probably
832 4582 933 4635 Botbrl.
1186 4653 1205 4712 2

1148 4668 1168 4712 Ε
