3278 5104
363 563 477 610 assisa
499 563 959 624 incimmemmaum,
983 544 1025 608 53
1048 565 1131 610 666.
1156 566 1209 610 111.
1301 546 1362 612 171

212 717 537 805 6661661616116,
552 721 662 785 mater
683 717 790 804 ipsius
813 718 951 803 Rogeri,
967 718 1082 784 tenuit
1096 719 1365 805 666110161666-

212 811 341 887 menta,
356 806 433 891 jure
448 806 664 886 hereditario,
679 805 889 891 1666066616
910 826 983 886 sua,
1006 809 1042 872 et
1064 828 1138 891 quae
1158 811 1364 888 tenemento,

212 898 459 981 6661606166
484 892 779 979 166166166161166,
805 893 916 958 eidem
940 894 1074 978 Rogero
1103 894 1362 972 descenderunt,

212 983 303 1047 6616
318 981 402 1046 11011
417 982 507 1066 quod
521 1002 591 1046 non
605 982 721 1066 potest
736 979 809 1044 siue
830 981 976 1065 quadam
999 980 1176 1066 Dyonisia,
1200 1003 1275 1066 quae
1295 981 1366 1046 fuit

213 1090 298 1133 uxor
313 1067 473 1134 Pulconis
499 1067 541 1134 de
564 1067 786 1147 Tibbeuham‚
804 1087 916 1134 sorore
931 1067 1099 1151 praedictas
1114 1068 1268 1134 Isabellae
1289 1090 1366 1153 666-

213 1155 316 1241 110166
332 1176 403 1236 sua,
419 1155 632 1241 respondere.
678 1154 761 1219 Ideo
772 1153 933 1239 praedicta
942 1153 1108 1240 Dyonisia
1118 1156 1367 1221 summoniatur

212 1244 302 1328 quod
325 1243 370 1307 sit
396 1243 452 1308 hic
470 1242 507 1307 in
530 1241 700 1326 quindena
723 1241 840 1306 Sancti
862 1241 1031 1306 Johannis
1056 1242 1222 1328 Baptistae
1245 1243 1291 1307 ad
1315 1263 1367 1308 re-

212 1331 450 1417 spondendum
465 1329 577 1409 simul,
593 1332 659 1395 etc.
1116 1359 1119 1366 ¹

278 1477 448 1542 Robertus
462 1477 505 1541 16
521 1475 667 1554 1)6666,
684 1475 742 1560 qui
756 1473 839 1540 tulit
854 1473 996 1540 assisam
1007 1474 1128 1540 morbis
1143 1476 1365 1542 antecessoris

213 1585 328 1630 versus
343 1563 551 1629 Willelmum
565 1562 607 1628 de
622 1561 778 1627 Haulton
793 1563 834 1626 16
849 1566 1045 1629 tenemento
1068 1563 1105 1626 in
1128 1562 1273 1644 Denum,
1297 1585 1366 1629 non

214 1655 267 1717 661
293 1653 502 1736 prosecutus.
548 1649 631 1716 Ideo
655 1650 727 1735 ipse
751 1654 786 1715 et
810 1648 915 1733 plegii
943 1649 996 1714 sui
1019 1650 1061 1716 16
1083 1651 1315 1734 prosequendo
1328 1652 1366 1715 in

213 1739 299 1818 mis'‚
331 1738 472 1818 60111661,
509 1737 685 1802 Johannes
722 1737 763 1802 de
802 1736 1023 1821 Swyneburn'
1060 1744 1094 1803 61
1131 1739 1286 1823 Rogsrus
1324 1738 1366 1803 (16

214 1824 360 1910 Inghou.
406 1826 452 1891 lit
466 1824 646 1910 praedictus
661 1823 861 1904 Willelmus,
882 1823 940 1909 qui
955 1845 1102 1910 praesens
1118 1829 1180 1904 661,
1197 1825 1277 1891 1616
1293 1825 1366 1891 6166

214 1913 278 1978 die.

279 2060 398 2124 Assisa
413 2059 507 2125 venit
522 2058 739 2142 recognitum
755 2057 785 2122 si
797 2057 962 2123 Ricardus
974 2060 1016 2124 16
1026 2059 1230 2125 11666666166
1240 2059 1366 2145 injuste

215 2151 250 2213 et
274 2147 348 2212 sine
367 2147 500 2232 -judicio
526 2145 697 2211 obstruxit
722 2146 903 2229 quamdam
929 2146 1018 2210 viam
1032 2145 1069 2209 in
1084 2147 1300 2212 Rouecestrel
1324 2148 1368 2212 ad

217 2237 460 2300 nocumentum
488 2233 585 2298 liberi
621 2233 809 2296 tenementi
846 2232 995 2316 Philippi
1032 2235 1073 2297 de
1111 2233 1301 2298 Craunden'
1331 2233 1367 2298 in

217 2323 406 2407 Wytcestre
423 2324 458 2386 et
473 2317 672 2399 Hochton',²
687 2324 765 2403 post
779 2319 933 2404 primam,
950 2323 1013 2384 610.
1052 2320 1098 2384 Et
1111 2320 1199 2384 unde
1213 2321 1368 2405 queritur

215 2409 306 2494 quod
330 2407 389 2472 ubi
412 2408 534 2492 fugare
558 2406 689 2471 solebat
713 2405 826 2472 averia
852 2427 913 2470 sua
939 2406 983 2470 ad
1009 2413 1184 2492 pasturam
1210 2428 1306 2472 suam
1330 2408 1366 2471 16

216 2495 378 2580 66611016
403 2494 485 2560 villa
509 2495 550 2559 de
576 2495 794 2573 Roueeestre‚
826 2496 962 2579 oportet
985 2494 1074 2577 quod
1102 2515 1141 2560 66
1169 2493 1271 2579 fuget
1293 2493 1368 2560 1666

216 2583 352 2667 longius
367 2603 427 2667 666
442 2603 546 2646 unam
560 2581 691 2647 leucam
706 2602 808 2664 quam
823 2581 916 2664 66166
931 2580 1054 2665 fugare
1070 2580 1210 2646 solebat.

282 2669 410 2734 Eadem
426 2669 544 2749 666166,
560 2689 620 2754 666
634 2668 779 2747 606166,
794 2667 889 2733 venit
910 2668 1127 2752 recognitum
1142 2668 1171 2732 si
1185 2668 1367 2752 praedictus

217 2757 383 2822 Ricardus
398 2756 527 2841 injuste
542 2758 577 2822 61
593 2756 665 2821 6166
679 2754 808 2839 judicio
824 2754 1006 2820 disseisivit
1020 2755 1217 2839 praedictum
1237 2755 1368 2842 Philip-

216 2866 299 2929 pum
314 2843 356 2908 16
371 2863 549 2909 6066666
563 2845 710 2927 66616666
725 2863 793 2906 suae
807 2841 843 2905 in
866 2840 1100 2926 Wynecestre,
1122 2863 1197 2925 quae
1218 2843 1368 2927 pertinet

219 2931 262 2996 ad
288 2930 432 2996 liberum
458 2933 692 2997 tenementum
707 2949 806 2992 suum
820 2929 857 2992 16
874 2929 991 2993 66166
1006 2929 1096 3010 villa,
1112 2935 1191 3014 post
1212 2930 1367 3015 primam,

217 3022 283 3084 etc.
329 3015 1089 3102 111661666661166660111666161611666
1117 3017 1159 3080 16
1189 3037 1368 3082 6066666

218 3109 365 3190 pastura
386 3104 424 3168 in
449 3107 570 3188 quater
593 3102 717 3188 viginti
740 3102 826 3167 acris
848 3105 1005 3185 pasturae,
1028 3105 1064 3167 16
1080 3103 1218 3170 diversis
1233 3104 1315 3169 locis
1330 3105 1368 3169 16

218 3192 340 3278 quibus
356 3191 604 3257 communicare
620 3189 751 3255 solebat
766 3211 843 3255 oum
857 3190 1058 3255 omnimodis
1073 3190 1194 3255 averiis
1217 3191 1287 3256 suis
1309 3213 1370 3276 per

218 3283 331 3345 totum
356 3300 494 3343 annum.
540 3278 586 3343 Et
612 3277 778 3342 Ricardus
804 3276 908 3356 venit,
932 3280 967 3341 et
983 3278 1023 3344 16
1039 3276 1269 3343 obstructione
1285 3300 1368 3364 6666-

219 3367 318 3432 110116
339 3366 410 3446 visa,
435 3365 521 3430 dicit
543 3365 634 3449 quod
656 3363 836 3450 pradictus
852 3363 1041 3449 Philippus,
1068 3363 1182 3448 aliquo
1205 3369 1366 3449 tempore,

217 3454 287 3518 fuit
309 3454 347 3517 in
372 3453 496 3518 6616166
522 3451 667 3536 fugandi
692 3450 805 3515 averia
829 3471 890 3514 sua
913 3451 1189 3534 perpraedictum
1204 3453 1294 3517 viam
1308 3474 1368 3537 pro

219 3562 281 3606 suo
304 3541 416 3604 16610
432 3540 535 3604 etiam
551 3539 594 3604 ad
613 3538 826 3604 voluntatem
847 3537 954 3622 ipsius
976 3538 1124 3604 Ricardi.
1172 3540 1216 3603 111
1239 3540 1280 3604 16
1304 3541 1368 3604 hoc

218 3628 316 3714 ponit
331 3648 367 3694 66
382 3647 482 3712 66666
497 3627 647 3692 assisam.
693 3625 739 3688 Et
750 3625 794 3700 16
804 3645 983 3699 communa
994 3629 1142 3710 pastura
1152 3625 1189 3689 in
1200 3627 1368 3711 praedictis

219 3720 340 3800 quater
361 3712 485 3798 viginti
508 3713 595 3778 60616
624 3715 783 3798 pasturas,
808 3711 893 3776 dicit
919 3714 1008 3796 quod
1032 3713 1192 3798 praedicta
1217 3717 1367 3798 pastura,

219 3823 321 3888 quam
335 3801 449 3887 posuit
463 3800 499 3864 in
513 3801 589 3866 visu
603 3821 676 3880 suo,
695 3819 765 3863 non
781 3800 833 3865 est
847 3799 884 3862 in
901 3799 1115 3884 Wynecestr’
1137 3799 1240 3864 immo
1263 3804 1316 3864 est
1330 3801 1368 3864 16

220 3889 404 3955 Hochton’.
449 3887 575 3954 Postea
595 3886 787 3971 dicitquod
807 3885 897 3951 idem
917 3885 1094 3971 Philippus
1109 3906 1285 3971 nunquam
1299 3887 1369 3951 luit

220 3977 257 4041 16
273 3975 398 4042 6616166
412 3973 683 4040 communicandi
702 3973 740 4036 in
755 3973 915 4058 66611016
927 3975 1068 4057 pastura
1080 3993 1157 4038 cum
1168 3974 1369 4039 omnimodis

220 4063 342 4130 averiis
368 4062 439 4127 suis
466 4082 526 4147 per
540 4065 654 4126 totum
668 4081 807 4139 annum,
822 4063 987 4145 tanquam
1006 4060 1155 4146 pertinet
1169 4061 1213 4124 ad
1227 4061 1371 4126 liberum

220 4153 456 4216 tenementum
471 4148 622 4214 suumin
637 4148 862 4233 Wynecestr'.
908 4147 954 4212 at
969 4148 1011 4212 16
1027 4147 1092 4213 hoc
1106 4148 1204 4232 ponit
1219 4168 1255 4213 66
1270 4159 1371 4232 66666

221 4259 372 4304 assisam.

285 4325 309 4390 J
308 4325 462 4390 aratores
473 4323 593 4388 dicunt
608 4341 708 4408 super
716 4323 964 4388 sacramentum
976 4341 1076 4387 suum
1088 4322 1177 4407 quod
1191 4323 1371 4408 pradictus

254 4491 754 4561 ammomumffih
854 4488 1060 4544 'Whitoliestsr
1086 4491 1138 4544 aad
1165 4491 1312 4560 Honghton
1342 4493 1371 4546 in

822 4557 1119 4612 Heldua-onthowsll
1130 4558 1229 4613 Puish.
