3264 5110
394 526 507 572 essm
529 527 627 588 noun,
651 527 988 588 nosmuususnsso,
1014 504 1032 571 7
1055 526 1142 570 nou.
1165 527 1189 569 1.
1312 501 1374 566 289

288 678 465 750 Johannes
491 681 534 748 ds
560 679 761 749 Middelton'
787 686 822 747 et
848 681 977 747 Alanus
1003 680 1045 746 de
1071 678 1255 745 Lilleburn’
1283 698 1373 742 sum·

225 768 348 833 moniti
369 769 511 834 fuerunt
536 769 579 833 ad
603 768 873 854 respondendum
897 768 1070 834 Willelmo
1103 767 1173 834 filio
1211 764 1374 830 Willelmi

225 855 266 921 ds
292 855 362 919 Ros
386 856 428 922 de
452 857 636 942 Myndrum
656 857 698 923 de
720 856 847 941 placito
870 857 958 940 quod
978 856 1123 922 reddant
1138 855 1170 919 ei
1185 851 1373 920 custodiam

226 941 369 1007 duarum
383 943 533 1028 partium
547 943 690 1008 duarum
706 949 937 1009 carucatarum
953 948 1050 1009 terrae
1065 965 1142 1009 cum
1156 939 1374 1027 pertinentiis

225 1028 263 1093 in
287 1030 476 1110 Ylderton',
501 1053 575 1115 quse
601 1031 645 1096 ad
668 1031 780 1116 ipsum
805 1030 1013 1097 Willelmum
1039 1030 1197 1116 pertinet,
1222 1048 1261 1092 eo
1284 1026 1373 1110 quod

226 1115 397 1184 Henricus
412 1117 454 1184 de
468 1118 658 1185 Yiderton'l
686 1118 920 1185 terramillam
943 1118 1057 1184 tonuit
1079 1117 1115 1181 in
1139 1114 1316 1201 sokugium
1339 1116 1374 1177 et

225 1204 315 1357 qpcod
338 1205 427 1272 idem
449 1205 641 1272 Willehnus
663 1205 884 1292 propinquior
904 1208 957 1272 est
978 1205 1075 1270 heres
1099 1203 1205 1290 ipsius
1223 1199 1374 1280 Henrici,

224 1312 243 1358 e
281 1340 288 1356 .

289 1379 337 1443 Et
350 1379 373 1444 J
373 1379 525 1445 ohannes
540 1383 575 1446 et
589 1379 720 1445 Alanus
735 1380 877 1446 veniunt
891 1382 927 1444 et
937 1382 1060 1446 vocant
1075 1378 1154 1444 inde
1169 1376 1213 1442 nd
1226 1395 1373 1440 nanan-

224 1468 300 1530 tum
319 1466 510 1553 Philippum
525 1467 567 1535 de
583 1466 721 1553 Rydsie.
758 1467 921 1533 Habeant
935 1487 1013 1532 eum
1029 1467 1118 1552 apud
1133 1466 1322 1530 Eboracum
1337 1461 1374 1525 in

225 1551 364 1619 Octubis
388 1553 521 1620 Sanctae
535 1554 716 1620 'l'rinitstis
730 1575 791 1640 pcr
811 1554 974 1620 auxilium
986 1553 1096 1620 curiae.
1133 1553 1180 1617 Et
1192 1549 1376 1617 summoni-

228 1643 307 1706 stur
321 1640 358 1704 in
374 1642 540 1708 comitatu
554 1642 631 1723 isto,
648 1645 713 1708 eto.

290 1813 387 1880 Idem
399 1814 591 1882 Willelmus
606 1816 732 1902 optulit
747 1836 783 1881 se
798 1815 873 1901 ffijn
889 1814 942 1879 die
957 1835 1072 1880 versus
1088 1813 1252 1895 Elisabet‚
1269 1814 1374 1879 filiam

226 1901 365 1968 Ricardi
391 1901 421 1970 le
447 1903 619 1988 Flumeng,
653 1903 694 1969 de
717 1902 844 1989 placito
871 1901 959 1987 quod
982 1901 1102 1968 reddat
1127 1900 1160 1966 ei
1185 1901 1374 1968 custodium

225 1989 337 2054 tertiae
351 1990 459 2074 partis
474 1991 616 2056 duarum
632 1993 866 2056 carucatarum
887 1994 986 2054 terrae
1007 2010 1082 2055 cum
1097 1987 1315 2074 pertinentiis
1337 1989 1373 2052 in

225 2075 416 2157 Yiderton’,
433 2098 506 2161 quae
521 2077 564 2142 ad
580 2077 692 2163 ipsum
706 2077 914 2145 Wilielmum
929 2076 1089 2162 pertinet,
1110 2097 1150 2141 eo
1172 2076 1262 2160 quod
1277 2076 1373 2140 Hen-

227 2163 316 2229 ricus
341 2163 382 2229 de
405 2164 592 2230 Yldertone
616 2168 742 2230 temam
766 2165 860 2230 iiiam
883 2164 998 2231 tenuit
1023 2164 1061 2227 in
1096 2163 1283 2249 soksgium.
1329 2163 1375 2227 Et

228 2249 317 2334 quod
340 2251 430 2317 idem
453 2250 644 2318 Willelmus
669 2250 888 2337 propinquior
910 2256 964 2316 est
987 2251 1083 2316 heres
1101 2250 1208 2335 ipsius
1223 2250 1375 2332 Henrici,

227 2341 291 2405 etc.
336 2338 382 2404 Et
404 2339 476 2424 ipsc
498 2359 567 2403 non
581 2339 684 2419 venit,
702 2342 737 2404 et
751 2339 878 2424 pluries
892 2339 977 2403 fecit
994 2336 1150 2403 defaltas.
1196 2337 1278 2402 Ideo
1293 2359 1375 2423 prue-

228 2428 361 2510 ceptnm
378 2431 431 2491 est
445 2425 634 2492 vicecomiti
649 2425 739 2510 quod
754 2425 937 2510 distringat
952 2447 1028 2490 eum
1048 2445 1108 2511 per
1126 2445 1241 2491 omnes
1255 2429 1375 2504 terras,

227 2515 303 2592 etc,
319 2512 370 2576 ita
385 2512 485 2597 qnod,
502 2516 577 2593 etc,
594 2515 629 2578 et
643 2513 732 2597 quod
747 2513 789 2578 de
804 2512 961 2594 exitibus,
985 2515 1061 2593 etc,
1085 2515 1121 2577 ct
1143 2512 1232 2596 quod
1251 2512 1377 2577 habeat

226 2619 346 2685 cospus
361 2600 437 2685 ejus
453 2600 543 2686 apud
557 2601 746 2667 Eboracum
760 2601 804 2666 ad
818 2600 999 2686 praefutum
1013 2598 1207 2681 terminum,
1224 2602 1288 2665 etc.

1221 2705 1237 2750 ι

291 2773 312 2837 J
314 2773 464 2840 ohannes
486 2774 528 2840 de
550 2774 743 2926 Ppkering',
765 2773 824 2859 qui
842 2773 925 2840 tulit
939 2774 1038 2839 breve
1054 2773 1095 2840 de
1109 2773 1225 2839 debito
1240 2775 1317 2839 octo
1331 2773 1375 2836 m'

228 2879 344 2925 versus
369 2861 556 2928 Henricum
595 2883 614 2928 e
640 2864 754 2943 Schot,
779 2882 848 2926 non
874 2865 926 2930 est
951 2865 1161 2947 prosecutus.
1206 2860 1289 2926 Ideo
1303 2860 1375 2945 ipse

228 2950 264 3012 et
285 2948 390 3033 plegii
414 2948 467 3013 sui
492 2948 534 3014 de
557 2949 788 3034 prosequendo
812 2949 849 3012 in
866 2948 954 3030 mis’,
971 2948 1110 3029 scilicet,
1125 2946 1317 3013 Willelmus
1334 2947 1375 3012 ds

227 3033 379 3100 Fandon’
394 3039 429 3102 et
443 3036 591 3103 Thomas
606 3036 648 3102 de
663 3037 869 3117 Millebum’,
885 3039 948 3102 eto.

292 3208 388 3277 Idem
402 3211 425 3276 J
426 3211 588 3292 ohannes,
605 3211 662 3296 qni
682 3210 764 3276 tulit
778 3212 877 3277 breve
892 3211 934 3278 de
949 3209 1065 3275 debito
1076 3229 1190 3277 versus
1202 3209 1374 3294 Rogerum

226 3295 258 3362 lc
273 3296 367 3364 Rode
385 3297 426 3363 dc
448 3298 564 3364 debito
585 3299 811 3385 quadraginta
827 3299 863 3362 li’
878 3302 913 3364 et
927 3298 1040 3364 decem
1057 3297 1093 3378 s',
1112 3318 1181 3362 non
1196 3301 1249 3362 est
1262 3317 1375 3382 prose-

227 3388 336 3450 cutus.
377 3385 459 3450 Ideo
474 3385 546 3470 ipse
561 3391 597 3452 et
610 3385 715 3472 plegii
731 3386 784 3450 sui
795 3386 836 3452 de
845 3383 1077 3471 prosequendo
1086 3383 1121 3448 in
1131 3383 1218 3465 mis’,
1235 3383 1373 3466 sufficet,

226 3470 416 3538 Willelmus
432 3471 474 3538 de
489 3471 641 3539 Fandon'
657 3477 693 3539 et
706 3472 853 3539 Thomas
868 3473 910 3539 de
925 3471 1126 3551 Middelton,
1142 3474 1206 3538 etc.

291 3645 387 3711 Idem
402 3646 424 3711 J
425 3647 588 3729 ohannes,
601 3647 659 3732 qui
670 3647 754 3713 tulit
767 3647 867 3714 breve
886 3667 1000 3712 versus
1018 3645 1206 3712 Henricnm
1221 3645 1253 3712 le
1269 3645 1374 3711 Schot

227 3734 268 3798 de
288 3733 433 3818 quodam
456 3733 582 3819 scripto
604 3734 807 3821 obligatorio
825 3735 934 3802 cidem
948 3733 1092 3812 reddito,
1108 3753 1177 3797 non
1193 3735 1245 3799 est
1259 3753 1374 3819 prose-

226 3824 336 3886 cutus.
374 3820 457 3886 Ideo
473 3821 544 3908 ipse
556 3825 591 3888 et
606 3822 710 3908 plegii
722 3823 775 3888 sui
787 3823 828 3889 dc
843 3822 1074 3908 prosequendo
1090 3820 1126 3884 in
1136 3821 1222 3902 mis’,
1235 3820 1375 3902 scilicet,

227 3907 349 3974 Petrus
364 3907 406 3974 de
421 3907 572 3974 Fandon’
588 3914 624 3975 ct
638 3910 784 3976 Thomas
800 3910 841 3978 de
856 3908 1057 3991 Middelton‚
1074 3913 1138 3976 etc.

293 4107 475 4194 Margeris,
498 4130 571 4194 quse
591 4109 662 4174 fuit
682 4132 768 4176 uxor
790 4109 953 4177 Willelmi
975 4109 1132 4196 Hyring',
1155 4109 1243 4195 petit
1261 4130 1374 4176 versus

226 4191 390 4260 Thomam
399 4197 441 4261 de
450 4196 601 4262 Kanlielo
610 4197 748 4262 tertiam
759 4203 889 4282 partem
904 4197 1005 4262 unius
1020 4196 1213 4282 messuagii,
1230 4196 1373 4261 duorum

224 4281 403 4363 toftorum,
420 4282 597 4370 sexaginta
611 4305 765 4350 acrarum
780 4288 889 4366 terim,
906 4289 941 4350 et
956 4306 1014 4351 sex
1028 4305 1182 4350 acrarum
1191 4284 1282 4370 prati
1296 4305 1373 4350 cum

260 4461 269 4494 ¹
283 4461 414 4528 Henryds
422 4462 627 4516 Hildertonhsld
638 4464 776 4517 Middilton
825 4482 852 4517 so
925 4466 953 4517 oi
963 4465 1007 4518 the
1017 4465 1153 4531 Beronyoi
1164 4465 1260 4528 Patrio,
1274 4463 1335 4516 Euri
1347 4466 1374 4518 oi

226 4529 441 4598 iorssoshillings
452 4531 503 4586 and
515 4547 563 4584 ons
572 4533 661 4600 yearly
672 4532 775 4586 isostin
825 4532 888 4586 Dun
947 4535 1036 4598 (Testa
1047 4537 1077 4585 de
1088 4533 1183 4596 Neoill,
1193 4548 1218 4597 p.
1230 4531 1309 4594 3851‘).

1222 4621 1243 4666 U
