3264 5110
375 547 489 593 rssrzn
511 547 609 608 acan,
633 545 970 608 nonrnurmunmun,
995 523 1013 592 7
1037 546 1124 592 nov.
1147 547 1171 592 1.
1294 523 1358 590 329

268 702 320 769 De
334 703 451 768 eadem
466 701 584 768 villata
599 700 641 769 de
657 702 725 766 fine
740 723 801 786 pro
816 700 864 786 xij
883 705 919 766 et
933 720 994 787 pro
1008 703 1085 767 tota
1098 699 1219 767 villata
1235 701 1358 786 drapa-

203 789 263 854 riis
279 795 315 854 et
331 790 507 856 vinetariis
523 811 567 854 xx
577 790 614 854 ε’.

268 953 417 1020 Michael
446 954 489 1020 de
518 953 660 1018 Kilhnm
693 952 845 1038 queritur
869 952 911 1019 de
935 951 1085 1018 Roberto
1110 954 1151 1018 de
1181 950 1360 1018 Menevvile

204 1043 294 1126 quod
318 1042 409 1127 cepit
431 1042 475 1106 ab
502 1062 541 1106 eo
565 1041 647 1107 dum
670 1040 741 1104 fuit
765 1040 981 1104 subescaetor
1003 1039 1053 1124 iiij
1066 1041 1121 1120 m’,
1138 1039 1275 1124 injuste,
1292 1042 1358 1105 etc.

203 1130 249 1193 Et
264 1129 431 1196 Robertns
447 1129 541 1195 venit
563 1132 600 1194 et
614 1149 683 1193 non
698 1131 811 1212 potest
826 1127 890 1192 hoc
911 1127 1072 1193 dedicere.
1118 1128 1165 1190 Et
1189 1127 1269 1210 quia
1289 1127 1360 1190 init

204 1220 284 1280 ante
307 1219 487 1294 statutum,
510 1215 761 1282 consideratum
788 1218 842 1282 est
868 1214 958 1298 quod
984 1213 1165 1299 praedictus
1189 1214 1359 1278 Robertus

203 1304 324 1370 reddat
350 1303 510 1389 praedicto
534 1301 696 1368 Michaeli
719 1301 897 1388 praedictas
924 1300 975 1386 iiij
989 1301 1045 1366 m'.
1105 1302 1152 1365 Et
1177 1300 1359 1386 praedictus

204 1391 373 1456 Itobertns
388 1391 424 1454 in
441 1386 516 1456 mis’
532 1410 593 1476 pro
609 1389 888 1475 transgressione.
1415 1391 1418 1400 ’

386 1613 541 1679 Vrnnurs
565 1611 834 1677 nir-Wonuounn
857 1631 961 1676 vnrvrr
983 1632 1050 1675 run
1071 1607 1181 1677 xrv⁰¹¹¹².
1320 1621 1321 1624 ’
1456 1611 1459 1616 ’

270 1765 446 1846 Ricardus,
484 1766 599 1852 garcio
636 1765 829 1843 Gillemille‚
868 1766 1037 1851 percussit
1083 1765 1292 1831 Willelmum
1329 1764 1360 1830 le

205 1852 334 1917 Taillnr
360 1853 402 1919 de
426 1853 574 1918 Horton'
590 1854 627 1918 in
647 1852 728 1920 villa
754 1854 797 1918 de
813 1853 999 1920 Wolhonre
1016 1854 1161 1938 quodam
1188 1853 1300 1938 lapide
1323 1853 1360 1917 in

206 1941 329 2025 capite,
345 1941 396 2006 ita
410 1941 499 2025 quod
513 1941 618 2006 tertio
633 1941 688 2005 die
703 1941 783 2006 inde
799 1939 894 2006 obiit.
940 1942 986 2005 Et
1000 1941 1182 2026 praedictus
1193 1937 1359 2006 Ricardus

208 2027 326 2092 statim
335 2027 428 2113 fugit
444 2027 480 2091 in
493 2029 643 2094 Scotiam
655 2032 689 2093 et
702 2027 950 2108 malecreditur,
961 2028 1036 2094 ideo
1048 2028 1206 2114 exigatur
1220 2033 1256 2093 et
1271 2027 1359 2093 utla-

207 2119 318 2200 getur.
352 2115 487 2180 Oatalla
501 2115 653 2201 praedicti
669 2114 808 2180 Ricardi
822 2115 901 2180 lxxv
911 2116 947 2196 ε’,
965 2115 1054 2181 unde
1069 2116 1159 2180 idem
1175 2115 1359 2182 vicecomes

207 2202 420 2287 respondeat.
475 2203 521 2266 Et
546 2203 626 2287 qnia
653 2223 793 2267 manens
813 2202 884 2266 fuit
908 2201 945 2265 in
966 2201 1090 2267 balliva
1122 2203 1358 2288 ultra-Coket,

208 2288 284 2355 ideo
298 2289 432 2375 plenius
447 2289 640 2374 inquiratur
654 2290 780 2356 ibidem
800 2289 842 2354 de
857 2289 990 2355 catallis
1014 2291 1175 2375 ejusdem.
1220 2289 1266 2354 Et
1281 2289 1361 2375 quia

210 2376 329 2442 villata
344 2377 386 2442 de
403 2377 588 2442 Wolhoure
604 2382 679 2443 non'
689 2377 779 2462 cepit
801 2376 999 2461 praedictum
1021 2378 1216 2458 Ricardum,
1233 2377 1309 2442 ideo
1324 2377 1361 2441 in

60 2503 74 2530 .
210 2463 296 2528 mis’.
342 2465 389 2528 Et
402 2463 452 2549 xij
470 2465 644 2530 Juratores
668 2464 926 2530 concelaverunt
946 2465 1263 2566 quandampartern
1277 2486 1363 2565 prae·

211 2551 379 2704 digmzum
395 2551 605 2633 catellorum,
622 2551 698 2618 ideo
714 2547 755 2616 in'
767 2550 854 2616 mis'.
899 2551 1025 2617 Postea
1039 2551 1145 2618 nichil
1160 2551 1363 2636 inqulsrtum

212 2659 248 2704 es
264 2661 307 2720 ,e
326 2661 354 2705 c.

277 2793 406 2858 Alanus
444 2792 541 2858 rullo
578 2794 744 2877 percussit
781 2793 970 2858 Martinam
1009 2792 1181 2858 Medicum
1216 2793 1362 2877 quodam

215 2881 329 2968 gladio
352 2880 388 2944 in
419 2884 524 2959 costa,
549 2879 601 2944 ita
627 2880 716 2965 quod
742 2879 820 2945 inde
847 2879 943 2945 obiit.
988 2879 1034 2944 Et
1064 2879 1182 2945 statim
1208 2881 1302 2966 fugit
1329 2885 1364 2945 et

212 2967 462 3048 malecreditur,
489 2968 564 3033 ideo
580 2967 737 3052 exigatur
759 2972 795 3032 et
816 2966 1002 3053 utlagetnr.
1049 2967 1183 3032 Catella
1205 2969 1277 3053 ejus
1295 2969 1323 3053 vj
1337 2968 1363 3030 r'

213 3057 235 3142 ij
249 3057 294 3136 d',
311 3055 400 3120 unde
423 3055 514 3121 idem
535 3055 719 3120 vicecomes
742 3054 956 3140 respondeat.
1002 3055 1049 3118 Et
1065 3054 1257 3122 Willelmus
1274 3055 1365 3121 dela

212 3145 318 3209 Barre
327 3143 440 3208 minus
450 3143 654 3210 sufficienter
662 3141 747 3208 fecit
759 3141 838 3207 inde
850 3141 994 3207 officium
1008 3163 1118 3222 suum,
1134 3142 1209 3208 ideo
1225 3141 1262 3206 in
1277 3142 1364 3207 mis'.

277 3315 430 3401 Rogerus
461 3315 614 3380 Medicus
644 3313 823 3398 sagittavit
847 3314 1034 3379 Robertum
1061 3315 1102 3380 de
1125 3314 1301 3400 Bamburg
1328 3314 1365 3378 in

213 3402 293 3467 villa
308 3403 350 3468 de
365 3402 562 3482 Wolhoure,
579 3401 629 3466 ita
645 3401 734 3486 quod
749 3401 845 3467 obiit.
892 3402 937 3465 Et
959 3402 1113 3486 Rogerus
1137 3402 1256 3466 statim
1271 3403 1365 3488 fugit

214 3495 249 3554 et
278 3489 526 3569 malecreditur,
554 3489 629 3554 ideo
655 3488 814 3574 exigatur
837 3492 873 3555 et
896 3487 1079 3572 ntlagetur.
1135 3489 1268 3554 Catalla
1292 3491 1364 3575 ejus

153 3630 156 3635 ,
215 3578 271 3663 xxj
282 3578 315 3641 d'
331 3577 390 3658 ob',
405 3577 496 3642 unde
511 3577 601 3644 idem
617 3575 802 3642 vicecomes
818 3577 1031 3661 respondeat.

280 3748 461 3829 Oristiana,
488 3748 560 3812 filia
579 3747 697 3813 Aliciae
723 3745 896 3828 Attehole‚
917 3769 989 3832 qnae
1004 3746 1099 3826 obiit,
1126 3746 1309 3833 appellavit
1331 3749 1368 3812 in

215 3836 380 3902 comitatu
395 3835 605 3900 Willelmum
629 3835 766 3920 Drenge
791 3835 832 3899 de
858 3834 1025 3900 Yerdhill'
1053 3835 1095 3900 de
1118 3856 1201 3921 rapo
1226 3841 1261 3901 et
1283 3857 1366 3921 pace

87 3931 91 3938 '
216 3924 344 3989 domini
381 3923 486 4009 Regis
523 3923 644 3988 fracta.
704 3923 751 3985 Et
780 3920 973 3987 Willelmus
1004 3943 1073 3985 non
1099 3923 1203 4003 venit,
1233 3926 1269 3990 et
1297 3923 1368 3987 init

215 4011 409 4084 atachiatus
439 4030 499 4096 per
529 4009 737 4077 Gileminum
760 4009 801 4075 de
830 4009 1010 4095 Hidesleye
1036 4014 1072 4075 et
1095 4009 1301 4075 Nicholanm
1325 4010 1367 4075 de

215 4098 368 4184 Oopland
383 4097 424 4164 de
447 4097 576 4176 eadem,
593 4097 668 4163 ideo
695 4096 762 4182 ipsi
785 4095 822 4159 in
847 4096 933 4162 mis’.
978 4098 1024 4160 Et
1049 4097 1220 4181 juratores
1247 4097 1367 4163 dicunt

215 4185 305 4270 qnod
330 4184 511 4270 praedictus
528 4184 719 4249 Willelmus
735 4183 913 4270 culpabilis
928 4187 991 4264 est,
1007 4184 1083 4249 ideo
1106 4184 1179 4269 ipse
1200 4184 1365 4269 capiatur.

214 4274 260 4337 Et
276 4272 413 4357 quidam
427 4271 449 4336 J
451 4273 604 4337 ohannes
619 4271 846 4356 Hardeleseye
861 4271 932 4335 fuit
956 4293 1069 4336 secum
1084 4271 1121 4334 in
1137 4271 1275 4352 anxilio,
1292 4272 1368 4336 ideo

214 4360 339 4445 ipsein
356 4360 442 4424 mis’.
488 4359 612 4426 Postea
627 4358 722 4424 venit
743 4357 936 4424 Willelmus
954 4358 1072 4444 Dreng
1096 4364 1130 4424 et
1155 4359 1258 4424 finem
1272 4359 1358 4425 iecit

214 4467 275 4533 pro
285 4447 559 4550 ‘transgressione
583 4445 744 4532 praedicta
769 4466 830 4547 per
851 4445 981 4547 injuve-
1002 4467 1062 4531 per
1087 4445 1355 4564 Rlegiusswffl‘

216 4534 295 4601 elmi
319 4534 361 4602 de
384 4533 589 4600 Mrddeltcn’
607 4537 642 4600 et
670 4533 840 4600 Johanms
865 4532 906 4600 de
933 4533 1124 4615 Midelton,
1140 4532 1263 4616 clerici,
1279 4533 1370 4600 unde
