3264 5110
266 469 330 536 346
441 491 554 536 assim
576 491 677 552 noun,
701 489 1042 551 somnam),
1068 467 1087 534 1
1110 489 1199 536 nov.
1221 489 1248 534 1.

331 645 486 730 Rogcrus
501 645 543 710 de
558 643 726 710 Walbitel
740 643 927 731 appellavit
952 643 989 708 in
1012 644 1180 710 comitatu
1198 643 1364 710 Thomam
1379 641 1423 708 de

265 731 426 812 Boulton,
441 732 667 818 capellanum,
687 732 854 796 'l'homam
880 731 923 798 de
948 731 1104 812 Kirkebi,
1124 731 1294 812 clericum,
1318 729 1423 816 Regi·

265 819 416 900 naldum,
452 819 624 900 clericum,
650 819 864 886 Willelmum
894 819 925 884 le
955 819 1044 900 Keu,
1074 823 1111 884 ct
1145 818 1358 885 homiuum
1389 817 1422 882 le

265 905 399 972 Osellur
418 907 461 973 de
487 907 632 986 robaria,
660 911 724 974 etc.
787 907 834 972 Et
857 906 1012 992 Rogems
1032 906 1277 991 insequebatur
1304 925 1420 970 versus

265 1013 332 1074 eos,
370 994 421 1060 ita
458 995 548 1080 quod
590 1015 707 1060 omues
746 994 896 1080 utlagati
926 997 1008 1060 suut
1036 994 1081 1058 ad
1111 998 1240 1059 sectam
1268 990 1421 1079 praedicti

266 1081 402 1166 Rogeri.
447 1081 554 1148 Nulla
568 1082 762 1147 habueruut
777 1081 913 1147 catalla.

331 1237 527 1318 Oustancia,
552 1259 626 1323 quae
651 1237 722 1302 fuit
745 1259 830 1303 uxor
844 1236 948 1302 Alani
971 1236 1024 1304 del
1050 1236 1084 1302 le
1107 1237 1217 1323 Hope,
1239 1235 1423 1322 appellavit

266 1325 302 1389 in
317 1326 483 1391 comitatu
500 1325 708 1392 Willelmum
722 1325 764 1390 de
774 1325 959 1405 Meruton’,
971 1325 1149 1402 seniorem,
1165 1329 1201 1390 et
1216 1324 1422 1391 Willelmum

267 1413 309 1478 de
325 1413 494 1492 Meruton,
521 1413 701 1498 juniorem,
728 1417 764 1480 et
791 1411 1009 1492 willelmum,
1037 1413 1230 1497 garcionem
1253 1433 1363 1491 mum,
1386 1414 1421 1475 et

266 1499 415 1564 Alauum
444 1500 564 1581 Hurel,
595 1504 631 1566 et
660 1501 833 1584 Rogerum
863 1498 1105 1580 Oareotarium,
1135 1503 1171 1565 et
1197 1499 1343 1564 Alanum
1379 1498 1421 1564 de

268 1587 489 1666 vaineburn',
506 1588 548 1653 (le
573 1593 683 1652 morte
697 1587 813 1667 Alani,
829 1586 892 1651 viri
920 1587 983 1652 sui.
1028 1586 1075 1651 Et
1098 1585 1305 1652 Constancia
1327 1584 1422 1652 venit

267 1677 303 1738 et
318 1696 387 1738 non
403 1675 477 1739 vult
503 1675 597 1758 sequi
618 1695 735 1740 versus
751 1695 818 1754 eos,
834 1674 911 1740 ideo
937 1674 1012 1758 ipsa
1035 1675 1269 1740 committatur
1291 1673 1421 1758 gaiolae.

268 1762 484 1827 Pardonatur
498 1763 578 1847 quia
593 1783 730 1847 pauper.
776 1763 822 1825 Et
837 1761 1031 1826 Willelmus
1047 1761 1158 1826 etalii
1173 1783 1242 1827 non
1257 1762 1422 1826 venerunt

266 1849 346 1934 quia
361 1871 430 1914 non
445 1849 587 1914 fuerunt
602 1848 780 1928 atachiati,
791 1851 844 1913 set
858 1870 920 1934 pro
935 1868 1019 1933 pace
1035 1849 1254 1929 observanda,
1270 1847 1421 1932 inquira-

267 1943 325 2001 tur
340 1937 389 2001 rei
404 1937 528 2003 veritas
544 1959 604 2021 per
618 1936 777 2022 patriam.
815 1937 861 2000 Et
876 1936 1046 2021 juratores
1062 1936 1181 2000 dicunt
1196 1957 1296 2022 super
1311 1955 1421 2000 sacra,-

267 2027 421 2090 meutum
450 2045 549 2088 suum
580 2024 669 2108 quod
707 2023 822 2087 nullus
853 2043 967 2088 eorum
999 2027 1052 2088 est
1080 2022 1270 2108 culpabilia,
1300 2027 1423 2106 praeter

267 2110 415 2176 Alanum
443 2111 556 2190 Burel,
587 2110 664 2176 ideo
693 2111 760 2195 ipsi
789 2108 869 2174 inde
900 2111 1016 2195 quieti.
1071 2111 1117 2174 Et
1139 2111 1220 2196 quia
1240 2109 1422 2196 praedictus

267 2197 397 2262 Alanus
430 2197 669 2264 malcoreditur
693 2197 735 2262 de
759 2201 878 2282 morte¹
894 2198 1068 2282 praedicta,
1093 2197 1169 2264 ideo
1198 2199 1358 2284 exigatur
1387 2199 1423 2262 et

266 2285 451 2371 utlagetur.
498 2285 633 2350 Catella
649 2285 725 2372 ejus
742 2284 834 2350 alibi.

333 2438 490 2519 Iaabella,
504 2461 577 2524 qum
592 2439 663 2504 fuit
674 2459 759 2504 uxor
770 2437 912 2503 Roberti
923 2437 965 2503 de
976 2438 1181 2525 Wilington,
1192 2437 1375 2525 appellavit
1386 2441 1422 2503 in

269 2527 434 2593 comitatu
456 2526 650 2593 iohannem
665 2527 706 2592 de
723 2525 895 2606 Stanton',
911 2525 1103 2608 diaconum,
1119 2529 1155 2591 et
1170 2524 1376 2592 Willelmum
1391 2525 1423 2594 le

270 2615 399 2680 Saltere
415 2615 457 2677 de
472 2615 601 2693 callem
613 2614 655 2678 de
671 2617 779 2679 morte
791 2613 944 2691 Roberti,
961 2613 1024 2678 viri
1041 2613 1103 2678 sui.
1135 2614 1181 2678 llt
1196 2613 1421 2679 Isabellanou

269 2702 372 2768 venit.
418 2701 464 2764 Et
480 2704 688 2786 compertum
704 2704 757 2765 est
772 2721 833 2785 per
846 2699 975 2766 rotulos
996 2700 1204 2766 coronatoris
1226 2701 1315 2785 quod
1340 2722 1423 2786 prae·

270 2789 381 2854 dictus
411 2787 599 2853 Willelmus
625 2788 801 2872 utlagatus
827 2791 880 2852 est
903 2808 964 2874 per
987 2792 1113 2853 sectam
1138 2788 1243 2873 ipsius
1259 2787 1423 2869 Isabellae,

269 2876 345 2940 ideo
369 2875 411 2939 de
438 2895 477 2939 eo
504 2874 590 2938 nihil
620 2875 663 2939 ad
692 2895 850 2961 praesens.
910 2874 1044 2941 (latalla
1068 2875 1146 2961 ejus
1172 2875 1234 2961 xiij
1258 2875 1303 2956 cl',
1334 2877 1423 2940 unde

270 2963 455 3028 vicecomes
471 2961 686 3046 respondeat.
732 2963 779 3026 llt
800 2961 981 3046 pradictus
1006 2962 1181 3028 Johanues
1204 2963 1289 3028 alias
1311 2983 1424 3028 coram

269 3048 471 3115 vaichardo
486 3049 527 3115 de
548 3049 722 3129 Oharhun,
744 3048 937 3134 justiciario
951 3049 996 3114 ad
1012 3048 1171 3135 gaiolam,
1187 3057 1264 3130 etc,
1281 3049 1422 3116 deliber-

270 3142 348 3202 atus
363 3135 434 3200 fuit
447 3157 507 3220 per
522 3135 680 3220 patriam,
696 3141 731 3203 et
746 3137 885 3202 omnino
899 3136 1045 3222 quietus.
1091 3136 1173 3204 Ideo
1193 3136 1301 3202 nichil
1314 3137 1356 3202 de
1371 3158 1422 3204 eo.

335 3272 527 3338 Willelmus
543 3273 652 3340 Faber
673 3272 715 3339 <le
738 3273 958 3338 Hertwatton
973 3277 1008 3339 et
1023 3272 1138 3340 Wald'
1154 3274 1328 3340 decadem
1344 3275 1423 3340 sub-

270 3364 450 3426 traxerunt
474 3382 509 3426 se
536 3366 572 3425 et
591 3361 866 3428 malcoreduntur
889 3362 930 3426 de
954 3361 1108 3447 pluribus
1133 3360 1332 3444 latrociniis,
1348 3362 1423 3430 ideo

271 3449 454 3534 exigantur
468 3451 505 3514 et
529 3447 737 3534 utlagentur.
783 3447 917 3515 Catulla
934 3450 1118 3516 eorundem
1134 3449 1211 3515 xva'
1226 3449 1318 3535 vjd’,
1333 3450 1424 3516 unde

271 3536 454 3602 vicecomes
470 3537 682 3620 respondeat.

339 3673 391 3738 De
406 3672 524 3739 eodem
539 3674 735 3740 vicecomite
751 3675 792 3741 de
808 3673 941 3740 catallis
957 3674 1100 3741 Walteri
1116 3676 1158 3742 de
1172 3675 1308 3757 Baiton,
1323 3676 1427 3742 latro-

273 3761 337 3842 nis,
353 3757 523 3842 decollati,
540 3761 592 3846 iiij
603 3762 640 3826 ε’.

341 3868 502 3979 Quaedam
518 3921 575 3964 sus
590 3899 752 3966 laceravit
767 3900 936 3984 quandam
953 3901 1118 3981 Emmam,
1142 3899 1248 3966 ffliam
1267 3899 1425 3987 Hugonis

276 3989 317 4053 de
333 3987 498 4051 Wottou’.
544 3987 668 4052 Nullus
688 3987 767 4051 inde
792 3987 1038 4052 malcoreditur.
1083 3989 1105 4054 J
1108 3988 1267 4070 udicium,
1282 3989 1428 4053 infortu-

274 4075 380 4139 nium.
426 4074 582 4140 Precium
598 4074 667 4140 suis
684 4075 738 4160 xvj
751 4075 794 4156 d',
810 4075 899 4142 unde
915 4075 1097 4141 vicecomes
1112 4075 1325 4162 respondeat.

339 4212 514 4277 Johaunes
537 4210 628 4275 filius
645 4209 789 4276 Walteri
804 4213 846 4278 de
869 4211 1057 4276 Thornton'
1072 4235 1249 4297 percussus
1274 4214 1345 4278 fuit
1365 4235 1427 4300 per

274 4299 443 4384 quoddam
457 4299 664 4384 jumentum,
680 4298 731 4363 ila
747 4299 836 4384 quod
850 4299 930 4363 inde
946 4299 1042 4364 obiit.
1088 4300 1211 4366 Nullus
1227 4301 1306 4368 inde
1321 4302 1424 4370 male-

275 4387 434 4452 creditur.
479 4384 665 4466 iudicium,
696 4385 936 4452 infortunium.
981 4385 1136 4452 Precium
1159 4387 1309 4474 jumenti
1330 4389 1375 4475 vij
1385 4389 1424 4472 ε’,

275 4473 365 4542 uude
380 4473 564 4541 vicecomes
579 4473 793 4560 respondeat.
