3278 5104
272 553 336 622 148
420 573 534 661 essm
558 575 655 636 roan,
679 573 1018 637 scurnumansun,
1042 553 1084 620 53
1107 575 1190 621 sur.
1213 575 1268 620 111.

274 729 393 796 Sancti
421 729 601 797 Michaelis
637 751 727 797 anno
763 731 861 816 regni
897 729 1027 796 domini
1062 729 1168 816 Regis
1197 750 1289 796 nunc
1321 727 1422 814 qnin-

273 816 470 903 quagesimo
498 817 619 903 primo,
649 822 685 884 et
709 840 884 903 nunquam
912 823 1032 905 postea
1051 817 1309 904 manuoperavit
1338 837 1420 902 proe·

272 905 403 971 dictum
420 908 663 988 tenementum,
679 910 714 971 et
734 906 841 972 nichil
856 904 1014 972 clamavit
1029 905 1065 970 in
1086 905 1203 971 eodem
1227 906 1423 970 tenemento

273 992 341 1057 nisi
368 993 606 1059 tantummodo
646 993 822 1059 servitium
858 993 947 1078 quod
984 993 1016 1060 ei
1049 994 1191 1059 debetur
1229 992 1270 1058 de
1305 991 1423 1056 eodem

275 1079 427 1145 manerio
441 1080 531 1166 quod
546 1079 588 1146 de
603 1081 676 1166 ipso
690 1081 800 1147 teneri
814 1081 925 1147 debet.

338 1167 385 1232 nu
405 1166 599 1234 Willelmus
622 1171 657 1235 et
678 1167 885 1234 constancia
906 1168 1026 1242 dicunt
1041 1168 1131 1252 quod
1145 1170 1325 1252 postquam
1338 1187 1422 1251 prae-

274 1254 387 1321 diotus
410 1253 596 1357 Gilbertns·
613 1255 750 1358 habuit·
764 1255 923 1320 seisinam
951 1255 1113 1356 predicti·
1133 1254 1333 1356 tenementi‚
1356 1272 1423 1354 per

274 1341 1134 1515 instituissemus?
1142 1340 1422 1514 gerstete

275 1515 413 1580 domino
434 1516 600 1582 Eduardo
623 1517 713 1601 quod
733 1517 806 1601 ipse
827 1538 1002 1600 nunquam
1025 1516 1061 1580 in
1088 1516 1202 1601 aliqua
1228 1514 1423 1580 turbatione

274 1601 345 1666 fuit
359 1606 479 1668 contre
493 1603 595 1687 ipsos.
640 1604 686 1668 Et
701 1603 742 1670 de
757 1603 821 1670 hoc
835 1605 950 1690 posuit
965 1623 1001 1668 se
1017 1624 1116 1688 super
1127 1605 1278 1689 juratam
1291 1603 1422 1686 patrie,

274 1690 1335 1864 esetmihuieuuiiuffeee{iniecti
1352 1689 1423 1861 {ii

1336 1825 1346 1857 5

276 1862 374 1930 breve
390 1885 499 1943 suum,
515 1865 625 1930 eidem
638 1865 828 1930 vicecomiti
843 1866 1020 1946 directum,
1037 1865 1125 1950 quod
1147 1865 1271 1930 habere
1292 1863 1422 1928 faceret

275 1950 386 2016 eidem
410 1950 579 2016 Willelmo
601 1951 761 2018 seisinam
783 1953 825 2018 de
846 1953 1007 2037 praedicto
1030 1955 1236 2031 tenemento,
1252 1954 1288 2016 et
1301 1950 1422 2016 dicunt

276 2038 365 2122 quod
379 2037 470 2112 idem
483 2039 667 2104 vicecomes
681 2039 797 2124 posuit
811 2061 868 2105 eos
882 2040 919 2104 in
935 2039 1061 2104 seisina
1079 2040 1120 2104 de
1142 2039 1303 2125 praedicto
1325 2042 1421 2103 tene-

275 2129 403 2204 mento,
425 2147 486 2211 per
506 2130 709 2212 praeceptum
732 2127 882 2212 praedioti
907 2127 1037 2192 domini
1058 2125 1163 2212 Regis
1192 2126 1282 2191 circa
1306 2124 1421 2210 gulam

275 2211 425 2296 Augusti
439 2233 530 2277 anno
544 2213 716 2297 pmdioto,
731 2216 767 2279 et
782 2215 832 2278 ita
846 2215 987 2278 fuerunt
1002 2215 1039 2277 in
1053 2212 1205 2298 plenaria
1227 2215 1262 2278 et
1282 2212 1423 2313 pacifica

275 2298 402 2364 seisina
415 2320 476 2385 per
490 2305 567 2364 octo
582 2299 664 2382 dier,
682 2321 853 2384 quousque
869 2301 1043 2367 Gilbertns
1064 2301 1154 2385 ipsos
1178 2299 1257 2366 inde
1280 2300 1420 2385 mjuste,

275 2389 352 2466 etc,
368 2385 562 2467 dissaisivit,
579 2390 615 2452 et
629 2387 745 2470 domos
767 2387 804 2452 in
826 2388 986 2472 proedicto
1009 2389 1204 2452 tenemento
1226 2386 1419 2454 combussit.

276 2473 323 2538 Et
345 2473 473 2540 dehoc
495 2473 593 2559 ponit
615 2495 650 2540 se
673 2495 773 2559 super
794 2474 944 2540 assisam.
990 2476 1165 2539 iuratores
1187 2474 1307 2539 dicunt
1322 2493 1423 2557 super

276 2563 526 2625 sacramentum
549 2582 645 2626 sunm
668 2562 758 2646 quod
780 2562 894 2646 aliquo
915 2571 1066 2647 tempore
1088 2561 1324 2647 imponebatur
1338 2581 1422 2645 prae·

275 2646 367 2730 dicto
394 2645 567 2712 Wiilelmo
591 2649 679 2732 quod
705 2649 777 2732 ipse
801 2648 872 2713 fuit
896 2653 1015 2714 contra
1037 2648 1210 2713 dominum
1231 2647 1371 2734 Regem,
1386 2650 1422 2712 et

277 2732 435 2799 similiter
456 2738 576 2800 contra
597 2734 795 2820 predictum
817 2736 991 2800 dominum
1014 2736 1216 2800 Edwardum
1243 2733 1281 2799 in
1307 2735 1422 2799 turba-

276 2819 370 2885 tione
396 2841 505 2906 nuper
528 2823 648 2887 habitu
673 2822 710 2886 in
735 2843 851 2907 regno,
882 2827 918 2888 et
946 2822 1065 2888 dicunt
1094 2822 1183 2907 quod
1213 2825 1334 2908 postea
1362 2841 1422 2906 per

278 2906 543 2992 inquisitionem,
568 2930 668 2993 quam
691 2911 873 2996 preadictus
895 2910 1052 2975 dominus
1073 2909 1147 2974 Rex
1169 2909 1328 2995 precepit
1342 2908 1422 2972 inde

276 2995 360 3075 fieri,
376 2995 565 3061 convictum
581 2995 651 3061 fuit
666 2997 754 3081 quod
769 2996 949 3081 pradictus
958 2996 1151 3061 Wiilelmus
1165 3017 1339 3080 nunquam
1353 2995 1424 3059 fuit

277 3085 397 3147 contra
428 3081 539 3168 ipsum
569 3083 742 3148 dominum
774 3083 901 3169 Regem
930 3106 993 3150 nec
1021 3083 1219 3168 preadictum
1247 3083 1422 3148 dominum

277 3168 491 3252 Edwardum,
506 3191 567 3255 per
581 3171 670 3256 quod
684 3176 889 3257 preceptum
903 3170 973 3236 tuit
987 3170 1177 3237 vicecomiti
1188 3171 1225 3233 in
1236 3174 1333 3256 parte
1344 3171 1423 3249 ista,

276 3277 338 3341 per
358 3256 458 3322 breve
479 3257 632 3341 praedicti
654 3258 784 3322 domini
806 3258 910 3343 Regis
928 3258 1038 3324 eidem
1052 3257 1242 3324 vicecomiti
1256 3257 1422 3323 directum

279 3342 370 3427 quod
392 3343 516 3409 hebere
530 3343 661 3410 faceret
676 3345 847 3429 predictis
865 3345 1035 3410 Wiilelmo
1056 3347 1093 3410 et
1114 3342 1306 3410 Custanciae
1328 3343 1423 3410 scisi-

277 3451 358 3493 nem
387 3431 429 3494 de
458 3430 618 3515 predicto
647 3435 854 3514 tenemento,
892 3435 928 3498 et
964 3432 1083 3498 dicunt
1120 3432 1209 3516 quod
1247 3434 1425 3516 postquam

278 3516 430 3602 predicti
453 3517 646 3584 Wiilelmus
669 3521 705 3584 et
726 3519 911 3585 (instancia
931 3519 1073 3585 fuerunt
1095 3518 1131 3582 in
1147 3518 1272 3584 seisi'na
1287 3518 1329 3582 de
1344 3540 1426 3603 prae-

279 3602 370 3669 dicto
386 3607 580 3670 tenemento
594 3627 656 3691 per
667 3607 864 3690 praedietum
879 3606 1120 3684 vicecomitem,
1135 3606 1230 3671 misit
1244 3604 1425 3692 praedictus

279 3689 453 3756 (tilbertus
476 3693 630 3758 homines
652 3714 730 3758 suos
753 3694 797 3758 ad
819 3694 1016 3779 pradictum
1032 3696 1262 3760 tenementum
1285 3695 1321 3757 et
1342 3714 1425 3778 prve-

279 3777 389 3844 dictos
412 3778 622 3844 Willelmum
642 3783 678 3844 et
700 3778 919 3847 Onetancium
941 3780 1021 3846 inde
1043 3784 1224 3866 eJecerunt,
1247 3784 1282 3845 et
1307 3779 1425 3845 dicunt

280 3866 371 3949 quod
399 3870 518 3951 postea
546 3867 628 3931 dum
656 3867 854 3951 predictum
884 3871 1117 3935 tenementum
1146 3867 1216 3932 fuit
1247 3867 1284 3931 in
1320 3886 1424 3931 manu

280 3952 432 4037 praedicti
463 3952 619 4034 Gilberti,
650 3955 832 4020 combustae
861 3955 1003 4020 fuerunt
1032 3955 1151 4020 domus
1187 3954 1425 4040 predictorum

280 4038 445 4104 Willelmi
461 4043 497 4105 et
512 4038 714 4121 Oustencioe,
737 4043 827 4107 unde
849 4043 969 4108 dicunt
982 4042 1120 4128 praecise
1135 4044 1225 4127 quod
1240 4041 1422 4127 praedictus

282 4125 455 4191 Gilbertus
478 4126 660 4194 disseisivit
682 4130 859 4212 praedictos
879 4129 1083 4194 Wiiielmum
1099 4133 1135 4194 et
1150 4128 1368 4194 (instanciam
1383 4129 1424 4193 de

280 4212 441 4297 praedicto
463 4218 659 4280 tenemento
681 4217 770 4300 quod
793 4217 908 4302 posuit
930 4217 966 4280 in
988 4217 1064 4281 visu
1087 4238 1149 4282 suo
1177 4217 1315 4301 injuste,
1346 4219 1423 4296 etc,

281 4299 370 4365 sicut
399 4299 498 4366 breve
528 4301 623 4367 dicit.
682 4303 728 4367 nt
757 4303 833 4369 ideo
863 4304 1111 4369 consideratum
1147 4304 1237 4387 quod
1272 4303 1426 4388 praedicti

281 4386 473 4454 Willelmus
495 4391 531 4453 et
553 4389 738 4456 Oustancia
759 4396 959 4476 recuperent
981 4390 1140 4457 seisinum
1163 4412 1259 4456 suem
1281 4390 1322 4456 de
1340 4411 1422 4475 prae-

279 4473 371 4593 dictp
396 4478 591 4544 tenemento
616 4498 678 4563 per
700 4479 810 4543 visum
835 4477 1097 4566 recognitorum,
1125 4481 1161 4544 et
1186 4476 1361 4544 Gilbertus
1385 4476 1423 4542 in

279 4581 368 4630 mlt-

1622 567 1625 698 i
