3272 5092
300 490 362 556 230
468 511 582 556 sssras
609 513 708 574 aona,
731 511 1068 571 scammum,
1092 489 1111 556 7
1134 511 1221 556 now.
1244 511 1270 554 1.

300 665 422 730 tertias
446 665 765 751 passessionem
790 687 897 746 snam,
913 670 977 730 etc.
1023 665 1106 730 Ideo
1129 665 1254 730 habeat
1271 662 1449 749 seysinam,

301 755 365 817 etc.
426 754 471 816 Et
507 753 758 818 consideratum
787 761 840 818 est
876 753 966 838 quod
1003 753 1158 838 praedicti
1188 752 1379 816 Willelmus
1415 753 1451 812 et

300 839 475 904 Johannes
504 845 645 905 teneant
677 841 714 904 in
743 862 838 925 paee,
862 845 898 905 et
927 841 1089 925 praedicte
1113 841 1235 903 Emma
1260 839 1385 904 habeat
1408 836 1450 899 de

301 929 393 990 terra
408 927 515 1013 ipsius
531 927 672 993 Robcrti
687 927 751 992 filii
766 928 850 992 Eliae
865 928 908 992 ad
925 927 1118 1006 valentiam,
1134 930 1198 992 etc.
1454 933 1460 942 '

366 1066 556 1132 Willelmus
580 1067 621 1132 de
637 1066 785 1132 (iambus
807 1067 897 1153 petit
911 1088 1028 1132 versus
1043 1064 1253 1130 Willelmum
1275 1065 1315 1130 de
1335 1063 1450 1130 Lewes

301 1158 337 1219 et
359 1153 577 1240 Margeriam,
594 1175 733 1220 uxorem
753 1154 839 1240 ejus,
858 1175 961 1218 unum
979 1155 1208 1238 messusgium
1224 1157 1259 1216 et
1283 1173 1341 1217 sex
1356 1172 1450 1215 acras

204 1287 206 1291 -
301 1245 399 1306 terrae
416 1262 494 1306 eum
516 1241 734 1327 pertinentiis
752 1241 788 1306 in
808 1243 938 1327 Magna
952 1240 1121 1325 Terwhyt,
1136 1246 1171 1304 et
1192 1261 1307 1304 versus
1323 1237 1450 1302 Willel·

301 1349 394 1392 mum
408 1328 440 1394 le
455 1328 609 1415 Payntur
623 1334 658 1393 et
673 1328 829 1408 Alieiam,
844 1350 982 1396 uxorem
998 1329 1085 1414 ejus,
1101 1349 1204 1392 unum
1223 1326 1450 1411 messuagium

301 1420 337 1479 et
359 1436 416 1480 sex
431 1437 526 1480 aeras
542 1419 640 1482 terrae
655 1437 732 1480 cum
755 1416 974 1502 pertinentiis
990 1416 1026 1478 in
1047 1415 1162 1479 eadem
1179 1413 1269 1494 villa,
1286 1418 1321 1478 et
1335 1433 1450 1478 versus

300 1502 322 1566 J
324 1503 493 1568 ohannem
516 1501 623 1567 tilium
642 1502 777 1567 'Pinnok
800 1508 834 1567 et
849 1502 1065 1582 Amabiliam,
1081 1523 1220 1566 uxorem
1242 1502 1329 1588 ejus,
1345 1521 1452 1564 unum

301 1589 529 1676 messuagium
550 1594 585 1656 et
607 1611 666 1655 sex
689 1611 783 1655 aeras
810 1593 909 1655 terrae
931 1611 1007 1654 eum
1032 1588 1250 1674 pertinentiis
1271 1588 1305 1651 in
1333 1587 1450 1653 eadem

299 1675 392 1758 villa,
409 1681 445 1741 et
458 1697 574 1741 versus
597 1677 760 1742 Thomam
777 1677 886 1741 filium
898 1675 1077 1741 Cristianae
1092 1697 1197 1740 unum
1220 1674 1448 1760 messuagium

301 1767 337 1828 et
360 1784 418 1828 sex
444 1785 539 1828 acras
562 1769 659 1828 terrae
674 1786 748 1829 curn
776 1764 994 1848 pertinentiis
1020 1763 1057 1826 in
1079 1764 1195 1827 eadem
1211 1763 1302 1842 villa,
1330 1769 1368 1826 ut
1393 1761 1449 1847 jus

301 1871 398 1915 suum
414 1850 587 1936 perbreve
603 1851 645 1916 de
660 1857 753 1916 recto
768 1856 901 1936 patens,
917 1856 981 1917 etc.

365 1937 410 2002 Et
425 1937 615 2004 Willelmus
631 1940 667 2002 et
689 1959 804 2004 omnes
824 1938 882 2002 alii
897 1938 1050 2018 veniunt,
1067 1941 1101 2004 et
1123 1937 1282 2015 Thomas,
1298 1936 1339 2001 de
1354 1940 1448 2002 tene-

299 2025 423 2089 mentis
447 2046 562 2091 versus
592 2045 669 2088 eum
698 2024 827 2110 petitis,
852 2025 936 2090 dicit
960 2024 1049 2109 quod
1077 2023 1240 2110 pmdicta
1266 2023 1448 2103 Cristiana,

300 2116 410 2176 mater
425 2131 497 2192 sua,
514 2111 600 2176 obiit
623 2111 702 2176 inde
717 2111 754 2174 in
771 2111 895 2176 seisina
910 2111 944 2174 in
962 2111 1131 2176 dominico
1147 2132 1207 2176 suo
1223 2116 1262 2175 ut
1278 2110 1319 2175 de
1337 2111 1448 2190 feodo,

299 2203 377 2282 post
399 2198 498 2284 eujus
514 2203 657 2263 mortem
673 2199 745 2283 ipse
762 2199 924 2264 successit
939 2199 970 2263 ei
987 2199 1023 2262 in
1046 2198 1216 2283 praedictis
1232 2198 1447 2278 tenementis,

299 2289 339 2349 ut
360 2284 451 2350 filius
472 2285 547 2371 ejus
562 2289 599 2350 et
621 2285 728 2349 heres.
775 2286 820 2349 Et
835 2285 919 2350 dicit
934 2286 1023 2369 quod
1045 2285 1118 2370 ipse
1133 2291 1185 2352 est
1200 2285 1291 2348 infra
1312 2287 1447 2349 aetutem

299 2377 334 2436 et
345 2373 434 2457 petit
444 2375 579 2436 aetatem
592 2394 698 2437 suam.
729 2373 774 2436 Et
783 2372 864 2455 quia
875 2393 936 2458 per
948 2373 1176 2457 respectionem
1192 2372 1339 2456 eorposis
1350 2377 1447 2457 patet

298 2459 388 2542 quod
397 2462 449 2524 eat
458 2459 551 2523 infra
559 2459 787 2539 aetatem,ideo
796 2459 1110 2543 loquelaremaneat
1118 2463 1444 2543 usqueaetatem,etc.

361 2546 407 2609 Et
429 2546 580 2631 praedicti
596 2546 788 2610 Willelmus
809 2546 850 2609 de
866 2546 981 2611 Lewes
997 2554 1033 2610 et
1053 2546 1234 2630 Margeria,
1252 2545 1443 2610 Willelnrus
1566 2621 1584 2640 ω

297 2634 333 2696 et
347 2631 468 2712 Alicia,
489 2633 664 2698 Johannes
691 2637 727 2698 at
744 2632 913 2697 Amabilia
936 2633 1056 2698 dicunt
1079 2634 1168 2717 quod
1188 2632 1324 2716 quidem
1348 2637 1446 2717 pater

298 2718 447 2803 ipsarum
463 2719 641 2803 Margerise
656 2719 784 2798 Alione,
797 2724 832 2785 et
848 2720 1035 2799 Amabiliae,
1049 2720 1134 2784 obiit
1150 2720 1286 2783 seisitus
1302 2719 1343 2784 de
1365 2741 1446 2804 prae-

297 2805 398 2871 dictis
424 2807 640 2886 tenementis,
666 2811 745 2891 post
768 2806 867 2890 cujus
892 2812 1034 2872 mortem
1061 2807 1223 2890 praedicta
1248 2811 1444 2871 tenemento

296 2893 405 2976 petita
430 2893 571 2957 fuerunt
597 2893 687 2958 inter
710 2893 887 2979 praedictas
912 2893 1127 2979 Margariam,
1158 2892 1313 2975 Aliciam,
1342 2894 1443 2958 Ama·

296 2979 423 3060 biliam,
440 2985 475 3044 ct
494 2979 710 3062 Cristianam,
727 2981 817 3044 unde
832 2981 951 3046 dicunt
972 2981 1061 3065 quod
1078 2981 1143 3066 ipsi
1158 2979 1263 3045 nichil
1282 2980 1444 3045 clamave-

296 3071 377 3130 runt
392 3066 426 3130 in
444 3067 612 3151 praedictis
629 3068 833 3134 tenementis
845 3068 911 3131 nisi
928 3069 961 3131 in
980 3071 1175 3154 purpartem
1191 3090 1265 3132 curn
1282 3067 1456 3153 praedicto·

296 3152 436 3233 Thomu,
453 3153 521 3218 filio
543 3154 710 3239 praedictae
731 3154 918 3234 Oristianae,
936 3156 1009 3222 sine
1025 3177 1090 3240 quo
1105 3175 1175 3218 non
1197 3161 1340 3239 possunt
1362 3178 1443 3241 prae·

295 3239 389 3305 dicta
417 3243 612 3307 tenemento
643 3242 809 3306 deducere
839 3241 874 3304 in
909 3242 1087 3328 judicium,
1112 3246 1147 3307 et
1177 3243 1235 3325 qui
1269 3247 1322 3306 est
1352 3243 1443 3306 infra

296 3331 440 3394 aetatem.
485 3329 530 3393 Et
544 3329 726 3413 praedictus
743 3327 934 3394 Willelmus
950 3330 1014 3395 hoc
1029 3329 1119 3394 idem
1135 3328 1317 3414 cognoscit.
1361 3330 1443 3394 Ideo

295 3414 457 3499 praedicte
471 3414 604 3499 loquela
618 3419 793 3482 remaneat
809 3417 882 3480 sine
898 3416 951 3482 die
966 3437 1073 3501 usque
1088 3417 1132 3480 ad
1147 3420 1292 3495 aetatem‚
1310 3423 1373 3482 etc.

365 3550 530 3617 Ricardus
551 3551 641 3618 filius
656 3552 822 3617 Willelmi
846 3553 888 3618 de
904 3554 1054 3619 Winden
1079 3554 1206 3639 optulit
1224 3575 1259 3619 se
1282 3554 1334 3641 iiij
1346 3563 1368 3601 2⁰
1390 3556 1444 3622 die

297 3657 410 3703 versus
432 3637 625 3730 Gaiiridum
646 3640 687 3706 de
708 3641 835 3725 Upsale
860 3642 902 3707 de
928 3641 1055 3727 placito
1077 3641 1179 3706 unius
1207 3642 1390 3728 messuagii
1407 3647 1444 3707 et

297 3724 472 3791 sexdecem
495 3745 648 3790 acrarum
675 3731 772 3792 terra
795 3749 872 3793 cum
895 3729 1112 3813 pertinentiis
1131 3728 1169 3793 in
1193 3728 1348 3814 Heydon,
1369 3751 1443 3813 quae

296 3811 421 3876 clamat
450 3816 490 3877 ut
515 3815 572 3897 jus
602 3835 710 3896 suum,
735 3818 798 3880 etc.
856 3816 902 3879 Et
930 3815 1003 3902 ipse
1033 3836 1101 3880 non
1131 3815 1234 3881 venit.
1279 3817 1325 3881 Et
1355 3837 1444 3881 sum·

296 3897 478 3978 momatur,
494 3901 557 3966 etc.
603 3902 624 3964 J
626 3901 786 3982 odicium,
802 3901 963 3986 praedicta
978 3907 1069 3969 terra
1084 3903 1240 3987 capiatur
1254 3901 1290 3966 in
1307 3925 1445 3969 manum

296 3985 424 4050 domini
450 3987 564 4072 Regis.
610 3989 656 4052 Et
682 3988 782 4069 diem,
798 3999 862 4055 etc.
906 3991 953 4054 Et
982 3989 1054 4074 ipse
1084 3989 1332 4055 summoniatur
1355 3991 1445 4075 quod

296 4072 342 4138 sit
357 4073 448 4158 apud
462 4073 653 4140 Eboracum
667 4074 705 4139 in
720 4075 859 4141 Octabis
876 4078 1008 4142 Sanotae
1022 4076 1214 4158 Trinitatis,
1231 4083 1295 4143 etc.

359 4208 541 4293 Margeria,
559 4231 630 4295 quae
653 4211 725 4276 fuit
740 4234 825 4278 uxor
846 4215 869 4279 J
870 4215 1015 4279 ohannis
1031 4215 1071 4278 de
1094 4213 1209 4295 Herle‚
1225 4215 1313 4299 petit
1328 4237 1444 4281 versus

296 4294 476 4360 Ricardum
501 4297 542 4362 de
569 4298 601 4362 la
624 4299 723 4384 Haye
749 4321 855 4365 unum
879 4301 1108 4387 messuagium
1131 4306 1167 4366 et
1189 4301 1443 4386 quatuordecim

295 4402 390 4447 acras
413 4386 513 4448 terrae
530 4404 607 4449 oum
629 4386 848 4471 pertinentiis
869 4387 905 4451 in
928 4388 1191 4474 Suthgosefford,
1205 4395 1244 4454 ut
1266 4390 1444 4476 jussuum

293 4468 467 4555 perbreve
483 4489 581 4536 suum
596 4472 638 4538 de
653 4472 819 4560 ingressu,
836 4478 900 4542 etc.
1177 4478 1181 4504 ¹
