3272 5092
372 567 487 614 sssrzn
510 568 608 629 nonu,
632 565 970 628 nosrnusrnrsnmrn,
995 545 1013 610 7
1036 566 1124 610 now.
1148 566 1175 610 1.
1286 543 1346 608 251

194 724 444 789 consideratum
482 725 535 788 est
572 723 662 806 quod
695 721 829 806 loquela
859 721 928 785 isto
961 724 1137 785 remanent
1170 740 1276 804 nsque
1307 719 1351 782 ed

195 813 343 892 aetetem,
360 817 426 876 etc.

259 965 356 1030 Prior
371 965 413 1031 de
430 966 555 1030 Sancto
579 963 737 1029 Oswsldo
760 964 821 1028 det
835 963 959 1048 viginti
980 963 1006 1026 s’
1023 984 1084 1047 pro
1107 963 1249 1028 licentio
1271 984 1350 1028 con-

195 1052 356 1118 cordandi
372 1073 449 1118 curn
473 1051 646 1136 Stephano
670 1050 711 1114 de
737 1050 822 1116 Stoh
845 1052 880 1116 et
905 1050 1050 1135 Agnete,
1066 1071 1170 1115 uxore
1197 1050 1284 1134 ejus,
1310 1050 1352 1115 de

195 1139 322 1224 plecito
337 1137 527 1204 surrentin
543 1142 656 1203 cnrtae.
703 1138 750 1202 Elt
763 1137 913 1203 habeant
929 1137 1173 1222 cyrographum
1178 1135 1201 1217 ,¹
1216 1140 1280 1204 etc.

262 1301 380 1366 Simon
395 1301 437 1368 de
455 1300 643 1365 Wsrnhcm
659 1302 694 1363 et
706 1298 890 1380 (li-istisne,
902 1321 987 1364 uxor
1001 1300 1084 1384 ejus,
1098 1302 1222 1384 petunt
1236 1321 1352 1366 versus

197 1388 347 1454 Priorem
379 1389 421 1454 de
452 1388 579 1452 Sancto
604 1386 760 1452 Osweldo
787 1391 894 1451 unum
924 1387 1136 1472 mesuagium
1160 1392 1195 1452 et·
1222 1391 1351 1472 septem

196 1476 336 1542 bovatas
363 1479 463 1541 terres
491 1496 567 1540 cum
596 1473 813 1559 pertinentiis
840 1474 876 1536 in
904 1473 1070 1553 Plethcm,
1101 1479 1138 1537 ut
1160 1474 1217 1559 jus
1244 1474 1351 1558 ipsius

197 1562 386 1643 Oristianae,
402 1583 462 1647 per
476 1561 577 1628 breve
592 1562 634 1625 de
649 1561 818 1645 ingressu,
834 1563 899 1625 etc.
945 1561 991 1624 ut
1006 1561 1105 1626 Prior
1115 1560 1207 1626 venit
1222 1570 1258 1626 et
1274 1582 1352 1626 con-

198 1651 328 1715 cordeti
344 1654 424 1715 sunt
439 1670 501 1734 per
522 1647 709 1714 licentiam.
755 1650 800 1712 Et
824 1648 974 1713 habeant
997 1646 1270 1733 cyrographum,2
1285 1651 1351 1714 etc.

197 1736 290 1803 Alibi
306 1737 383 1802 finis
399 1758 460 1821 pro
473 1734 616 1801 licentis
630 1735 867 1800 concordandi.

262 1907 456 1972 Willelmus
472 1907 514 1971 de
530 1905 680 1972 Neuton’
694 1905 821 1991 optulit
836 1905 1022 1991 seiiij¹⁰die
1033 1929 1149 1972 versus
1164 1908 1352 1973 Robertum

198 1995 239 2060 de
253 1995 385 2062 ΝεενίΙθ8
400 2000 437 2060 et
452 1995 571 2072 Edem,
589 2013 729 2058 uxorem
744 1995 826 2077 ejus,
844 1994 884 2057 do
899 1993 1037 2079 plenit0,
1056 1995 1144 2078 quod
1159 1995 1235 2079 ipsi,
1253 1995 1353 2060 simul

200 2104 275 2148 cum
294 2081 462 2161 Alienorn,
480 2103 553 2166 quse
567 2081 638 2144 fuit
650 2101 735 2145 uxor
745 2081 931 2146 Alexandri
943 2082 984 2145 de
996 2081 1140 2160 Bulioll’‚
1153 2081 1355 2167 permittant

199 2171 310 2254 ipsum
326 2169 450 2234 hebere
466 2189 679 2233 communem
694 2174 843 2252 pestnrae
858 2167 894 2231 in
909 2167 1072 2245 Neuton’,
1090 2170 1130 2234 de
1146 2191 1212 2253 que
1228 2169 1354 2233 Redul·

199 2257 288 2342 phus
310 2256 351 2322 de
378 2255 539 2335 Neutcn’,
555 2260 655 2340 peter
680 2254 833 2340 praedicti
856 2255 1027 2335 willelmi,
1044 2257 1139 2340 cujus
1162 2257 1259 2321 heres
1282 2256 1354 2342 ipse

202 2347 265 2424 est,
289 2343 359 2408 fuit
375 2341 521 2427 seysitus
537 2346 577 2406 ut
592 2343 633 2406 de
648 2341 761 2421 feodc,
782 2344 955 2424 tamquam
971 2343 1198 2426 pertinentem
1215 2344 1257 2408 ed
1272 2343 1355 2410 libe·

202 2453 278 2495 rum
293 2432 526 2495 tenementum
543 2428 693 2493 suumin
710 2429 823 2494 eedem
842 2427 932 2508 villu,
949 2428 1003 2493 die
1020 2451 1095 2512 quo,
1118 2435 1182 2495 etc.
1228 2431 1273 2494 Et
1289 2432 1355 2516 ipsi

202 2538 270 2583 non
287 2517 428 2582 veniunt
442 2519 478 2580 et
489 2516 603 2601 plures
618 2515 776 2581 fecerunt
791 2515 947 2580 defaltas.
992 2515 1074 2581 ideo
1086 2522 1289 2602 praeceptum
1303 2521 1355 2582 est

203 2603 391 2671 vicecomiti
415 2603 503 2688 quod
531 2602 716 2684 distringet
742 2622 799 2666 eos
825 2624 886 2686 per
909 2623 1024 2667 omnes
1050 2607 1169 2684 terres,
1186 2610 1250 2670 etc.
1298 2604 1356 2670 Ite

203 2692 302 2777 quod,
319 2697 384 2757 etc.
417 2691 462 2755 Et
474 2691 564 2774 quod
579 2690 621 2752 de
636 2689 796 2768 exitibus,
812 2695 876 2753 etc.
910 2689 956 2753 Et
972 2691 1059 2774 quod
1076 2692 1201 2756 hebeat
1216 2713 1355 2776 corpore

202 2800 318 2844 eorum
347 2778 439 2863 apud
463 2777 654 2842 Eboracum
678 2775 714 2840 in
740 2775 878 2841 Octebis
908 2777 1041 2842 Sanctae
1070 2777 1262 2859 Trinitatis,
1288 2781 1352 2843 etc.

203 2865 299 2932 Idem
315 2865 386 2931 dies
401 2865 503 2929 dutus
520 2867 573 2928 est
588 2863 757 2949 praedictae
772 2862 939 2928 Alienorae
961 2885 1021 2948 per
1043 2869 1241 2930 eturnatum
1257 2888 1355 2931 suum

202 2953 239 3017 in
255 2953 375 3032 banco,
392 2954 456 3017 etc.

269 3123 407 3189 Julianu
423 3123 464 3189 de
483 3122 672 3186 Brndeford
694 3120 879 3207 congnovit
900 3124 990 3205 quod
1009 3123 1137 3188 remisit
1154 3130 1189 3189 et
1205 3125 1357 3209 quietum

204 3211 364 3278 clamarit
391 3211 492 3286 dese
518 3215 553 3276 et
578 3208 759 3274 heredibus
787 3209 856 3273 suis
883 3209 1036 3275 Gilberto
1063 3213 1104 3277 de
1131 3212 1301 3278 Preston’t
1323 3219 1358 3281 et

204 3299 384 3365 heredibus
401 3297 471 3363 suis
487 3296 539 3362 vel
555 3297 626 3361 suis
641 3295 837 3380 assignetis,
854 3301 966 3360 totum
977 3299 1033 3381 jus
1050 3303 1085 3362 et
1095 3298 1259 3366 clemeum
1290 3302 1358 3366 uod

204 3385 326 3466 hebuit
340 3385 377 3448 in
394 3389 501 3449 totem
518 3389 645 3448 terrem
657 3403 757 3467 quem
768 3383 857 3447 idem
871 3383 1044 3448 Gilbertus
1056 3387 1227 3469 quondam
1237 3323 1358 3454 hibuit

204 3475 246 3538 de
261 3493 330 3537 uno
345 3471 548 3557 Buldewyno
564 3470 605 3537 de
626 3470 825 3548 Bredeford‚
848 3471 1018 3554 quondam
1040 3474 1111 3537 viro
1127 3496 1199 3553 suo,
1217 3475 1357 3556 scilicet,

205 3561 241 3624 in
257 3582 317 3627 sex
343 3560 429 3625 acris
455 3561 564 3637 terrae,
592 3562 628 3622 et
647 3578 716 3621 uno
737 3558 921 3642 mesuagio,
948 3561 983 3624 et
1004 3559 1112 3625 tribus
1134 3563 1222 3627 acris
1248 3566 1356 3644 terrse,

205 3654 240 3713 et
278 3667 348 3710 unc
386 3667 465 3711 ecre
501 3644 604 3730 preti,
639 3648 740 3729 prout
771 3644 904 3730 plenius
937 3645 1132 3713 continetur
1161 3649 1198 3712 in
1231 3650 1357 3734 scripto

206 3731 545 3820 quietaeclemntionis
562 3733 651 3817 quod
668 3732 785 3798 eedem
810 3732 830 3796 J
833 3731 948 3796 ulicns
972 3732 1081 3798 eidem
1104 3734 1256 3802 Gilberto
1279 3737 1359 3802 inde

206 3822 301 3902 fecit,
318 3823 385 3888 etc.

271 3981 476 4050 duretur-in
503 4004 604 4066 quem
624 3981 754 4046 Alenus
781 3947 823 4046 de
846 3981 1039 4062 Holtehele‚
1055 3989 1186 4070 petens,
1206 3993 1241 4052 et
1257 3988 1358 4053 Will-

208 4074 316 4141 elmus
352 4071 394 4136 de
429 4069 595 4155 Oreystolr
630 4074 665 4134 et
695 4066 856 4149 Mariotm
888 4091 973 4134 uxor
1001 4071 1088 4156 ejus,
1118 4073 1288 4140 Robertus
1318 4077 1359 4143 de

242 4236 315 4288 ¹8oe
343 4233 490 4298 Appendix,
517 4234 578 4283 Fert
611 4235 643 4298 os
674 4233 760 4294 stus,
844 4231 1325 4292 ⁴GilbertdePrestondiedin2Edw,
1336 4241 1357 4292 Ι,

210 4303 366 4361 Norttumb„
379 4303 448 4351 Edw.
461 4299 493 4361 I.,
505 4298 556 4352 No.
570 4303 609 4351 29.
810 4299 911 4365 leaving
918 4301 997 4364 Alice,
1008 4302 1047 4353 his
1057 4304 1208 4364 widow,end
1219 4305 1358 4369 Innrencc,

241 4367 251 4400 ²
268 4371 344 4430 llic,
356 4365 406 4418 No.
420 4367 460 4421 27.
810 4381 857 4417 son
867 4367 895 4418 ol
908 4367 1026 4431 Willism,
1040 4370 1145 4422 brother
1157 4373 1184 4422 ol
1195 4372 1303 4436 Gilbert,
1318 4374 1359 4426 his

243 4433 369 4486 'Bobert
392 4433 423 4485 de
446 4431 548 4485 Ncrille
570 4431 683 4484 married
704 4431 758 4494 Idm
813 4431 870 4485 heir
881 4433 953 4499 (cal.
967 4437 1041 4499 (len,
1052 4436 1069 4488 i.
1082 4439 1152 4500 211).

209 4501 299 4624 wido?
316 4501 344 4553 ol
354 4501 443 4566 Roget
462 4499 583 4552 Bertrnm
603 4499 671 4562 (Gal.
689 4501 760 4561 coe,

210 4570 228 4623 i.
241 4572 270 4622 81
292 4571 312 4631 ).
