3264 5110
297 461 362 528 370
492 483 606 530 999999
628 483 726 545 roan,
749 483 1087 546 ronrnmmnnn,
1112 463 1131 530 7
1153 485 1241 532 ann.
1264 488 1289 534 1.

299 638 384 704 duos
399 638 530 725 plegios
544 638 589 704 ad
599 638 871 724 respondendum
886 638 924 703 in
939 638 1034 705 curia
1057 639 1099 706 de
1123 639 1325 708 Hirbothill’
1343 663 1453 729 quare

298 725 442 792 intravit
471 725 663 792 libertatern
693 726 823 792 domini
852 727 906 792 sui
935 726 968 792 vi
997 731 1032 794 ct
1056 727 1160 794 armis
1183 728 1219 793 in
1250 735 1454 816 contemptu

299 812 428 878 domini
444 814 505 880 991.
552 813 598 880 Et
622 813 702 900 quia
725 835 798 879 non
821 813 1012 900 comparuit
1039 813 1077 878 in
1100 815 1196 882 curia
1216 819 1379 903 99911919
1404 819 1454 884 991

298 902 570 986 respondendum
585 901 627 966 de
649 901 812 986 99911919
826 901 1095 988 transgressione
1110 903 1143 968 ei
1156 903 1326 991 imposita,
1342 906 1454 992 plegii

299 988 450 1072 ejusdem
467 987 628 1054 Dionisiae
644 989 818 1054 amerciati
829 989 972 1055 fuerunt
983 989 1026 1054 91
1041 1011 1063 1054 x
1076 990 1123 1070 li',
1140 1011 1223 1076 quae
1232 993 1307 1079 ipsa
1321 993 1454 1059 eisdem

298 1075 420 1160 plegiis
447 1075 558 1156 solvit,
582 1077 673 1140 unde
696 1075 782 1141 dicit
797 1077 877 1161 quia
896 1097 957 1162 per
979 1077 1044 1142 hcc
1070 1078 1160 1163 quod
1185 1081 1260 1166 ipsa
1282 1082 1334 1145 ita
1348 1085 1454 1166 capta

298 1162 367 1228 fuit
383 1167 418 1229 et
433 1163 580 1228 abducta
595 1168 630 1228 91
644 1163 769 1228 iterum
784 1164 827 1229 ad
843 1169 959 1230 999199
975 1184 1053 1229 9999
1077 1164 1227 1248 reducta,
1243 1168 1454 1234 deteriorata

299 1254 352 1316 991
375 1255 410 1316 91
436 1251 619 1335 dampnum
636 1251 741 1316 habet
763 1251 808 1316 ad
831 1250 1015 1316 valentiam
1029 1252 1114 1316 ccli’
1137 1258 1174 1318 et
1196 1255 1276 1320 inde
1290 1255 1452 1342 producit

298 1341 437 1418 sectam,
453 1341 516 1404 etc.

367 1425 414 1490 Et
437 1425 602 1512 Rogerus,
617 1424 776 1505 Thomas,
796 1425 930 1505 Petrus,
953 1425 1141 1505 Johannes,
1161 1421 1303 1503 Alanus,
1318 1421 1453 1486 Willel-

299 1534 386 1592 mus,
409 1511 596 1593 Jchanues,
620 1514 655 1579 et
678 1512 851 1578 Walterus
880 1513 1022 1579 veniunt
1050 1516 1086 1578 91
1110 1510 1301 1577 defendunt
1322 1510 1389 1574 vim
1412 1513 1452 1576 et

299 1599 459 1684 injuriam
475 1600 576 1680 unde,
593 1603 658 1664 etc.
705 1600 750 1664 111
765 1600 918 1684 praedicti
934 1601 1088 1685 Rogerus
1103 1598 1286 1684 Dynghou,
1301 1597 1450 1662 'l'homas

298 1685 329 1754 le
356 1687 541 1766 Fauconer,
569 1687 691 1754 Petrus
714 1687 756 1751 de
779 1687 996 1773 Prandewye,
1018 1686 1193 1753 Johannes
1216 1685 1258 1750 de
1280 1684 1446 1770 Thyrnu’,

298 1773 430 1838 Alanus
456 1773 497 1840 de
523 1774 651 1854 eadem,
677 1773 870 1840 Willelmus
897 1774 940 1839 de
969 1775 1172 1859 Swethoppe
1197 1775 1232 1838 et
1259 1772 1447 1852 lohannes,

297 1861 407 1927 frater
420 1860 505 1945 ejus,
522 1861 642 1925 dicunt
652 1861 740 1945 quod
753 1883 820 1926 non
831 1863 993 1926 tenentur
1006 1861 1038 1926 ei
1047 1863 1089 1926 de
1100 1862 1169 1925 ista
1176 1859 1449 1943 transgressione

298 1949 511 2032 respondere,
528 1947 609 2032 quia
623 1948 742 2013 dicunt
758 1950 846 2033 quod
861 1949 936 2033 ipsa
951 1948 1134 2035 appellavit
1156 1947 1263 2012 99919
1280 1945 1449 2011 comitatu

298 2036 339 2100 de
368 2035 436 2100 1919
459 2035 730 2119 transgressione
754 2037 786 2100 ei
809 2036 904 2101 19919
928 2036 1097 2122 9199119119
1127 2035 1183 2100 119
1209 2037 1245 2098 91
1269 2054 1360 2098 9999
1386 2053 1449 2118 999

296 2122 399 2188 verba
412 2121 454 2186 de
469 2121 608 2202 felonia,
625 2123 745 2207 dequo
760 2123 892 2208 appello
910 2123 976 2208 ipsi
990 2125 1202 2188 recesserunt
1214 2121 1318 2206 quieti
1335 2120 1446 2204 quoad

298 2213 425 2275 sectam
441 2209 548 2294 ipsius
570 2209 752 2293 Dyoniriae,
772 2210 862 2275 unde
887 2215 1012 2295 petunt
1031 2209 1206 2296 judicium.
1252 2209 1298 2272 Et
1312 2207 1448 2293 quuiti

298 2297 327 2360 si
343 2296 435 2360 aliud
450 2296 558 2360 velint
572 2297 652 2362 dare
669 2297 711 2362 ad
727 2298 976 2363 accurationem
985 2298 1152 2382 proedictae
1166 2294 1447 2380 transgressionis

296 2382 344 2448 eis
360 2383 553 2467 impositam
569 2384 779 2465 cassandam,
803 2386 922 2451 dicunt
946 2386 1036 2469 quod
1061 2405 1140 2449 non.
1194 2384 1240 2448 Et
1260 2382 1340 2467 quia
1358 2383 1446 2448 bene

296 2470 398 2555 liquit
412 2491 473 2554 per
487 2472 662 2536 recordum
678 2475 713 2538 91
727 2493 919 2558 processum
942 2471 1096 2558 praedicti
1117 2469 1241 2556 appelli
1263 2469 1374 2534 auditi
1388 2467 1446 2534 hic

296 2557 511 2622 atterminati
525 2559 616 2641 quod
635 2559 797 2643 praedicta
811 2558 976 2645 Dyonisia
990 2558 1172 2644 appellarit
1186 2557 1278 2643 19999
1293 2556 1330 2620 19
1340 2555 1444 2623 comi-

296 2646 374 2710 tatu
390 2645 432 2708 (19
448 2644 591 2728 quadam
618 2646 691 2712 1999
707 2646 810 2710 simili
833 2647 1113 2731 transgressione,
1130 2666 1202 2730 quae
1217 2644 1289 2709 lieri
1304 2644 1444 2709 deberet

296 2731 370 2797 1999
385 2731 557 2817 praedioto,
583 2733 728 2816 quadam
745 2733 799 2800 die
814 2734 994 2800 Dominica
1020 2733 1171 2819 proxima
1185 2735 1263 2817 9991
1278 2731 1440 2815 Assump-

297 2822 425 2883 tionem
453 2819 567 2884 Beatae
593 2821 710 2886 Mariae
725 2842 815 2886 anno
839 2822 1012 2906 praedicto,
1035 2824 1071 2885 91
1095 2820 1176 2904 quia
1191 2823 1274 2884 tunc
1295 2839 1370 2884 earn
1385 2818 1441 2882 de-

296 2905 416 2970 berent
431 2905 640 2991 depraedasse
655 2907 697 2972 19
711 2929 781 2974 999
797 2929 893 2992 equo,
907 2909 920 2993 j
938 2908 1031 2987 sella,
1047 2907 1060 2991 j
1078 2907 1215 2972 robade
1230 2905 1382 2972 11999119
1401 2905 1443 2970 19

296 2993 409 3077 999919
419 2992 453 3056 xl
462 2993 500 3073 ε’,
516 2995 606 3077 quod
622 2994 755 3079 quidem
771 2995 942 3081 appellum
952 2996 1027 3080 1999
1038 3017 1108 3059 999
1119 2993 1321 3078 sequebatur
1330 3013 1444 3058 coram

295 3079 497 3164 justiciariis
515 3101 604 3146 nunc
620 3102 697 3146 cum
713 3081 946 3168 sollempniter
960 3081 1084 3146 fuisset
1098 3085 1229 3160 vocata,
1243 3083 1279 3144 et
1288 3079 1442 3165 praedicti

296 3167 462 3252 Rogerus,
478 3167 635 3247 Thomas,
652 3173 687 3233 et
703 3169 761 3233 alii
777 3191 812 3234 99
828 3171 1034 3254 optulissent
1048 3189 1163 3233 versus
1179 3189 1252 3234 eam
1269 3169 1304 3230 91
1319 3169 1443 3250 991991

291 3253 458 3338 judicium
474 3255 619 3337 qualiter
633 3256 741 3323 redire
765 3257 928 3323 deberent
950 3257 990 3323 de
1015 3255 1146 3341 appello
1172 3254 1343 3340 praedicto,
1360 3274 1441 3318 eon-

296 3340 481 3406 sideratum
503 3341 573 3407 1911
602 3344 692 3427 quod
716 3344 788 3428 1999
810 3347 986 3428 caperetur
1007 3348 1042 3408 et
1064 3342 1168 3428 plegii
1190 3343 1243 3406 sui
1265 3342 1307 3406 19
1329 3361 1442 3425 99999-

296 3427 430 3511 quendo
441 3427 476 3491 in
487 3429 573 3510 mis’,
584 3435 619 3494 91
629 3431 717 3514 quod
727 3431 804 3516 ipsi,
818 3433 926 3514 quoad
939 3431 1108 3516 appellum
1121 3450 1219 3494 suum
1231 3428 1441 3513 pradictum,

297 3519 409 3580 essent
424 3515 540 3598 quieti.
586 3517 631 3582 Et
647 3518 727 3601 quia
742 3519 816 3601 1999
831 3519 993 3603 Dyonisia
1009 3519 1107 3582 modo
1122 3521 1238 3581 narrat
1254 3536 1368 3582 versus
1383 3535 1440 3579 eos

295 3603 337 3667 19
352 3603 622 3687 transgressione
637 3605 808 3688 praedicta,
826 3627 898 3690 quae
914 3605 1007 3671 varia
1027 3609 1080 3670 991
1095 3603 1226 3688 appello
1243 3603 1332 3688 quod
1346 3602 1440 3686 prius

294 3690 434 3769 1999991,
451 3694 486 3754 91
502 3690 607 3756 nichil
622 3691 715 3756 aliud
731 3692 850 3756 volunt
865 3693 944 3757 dare
961 3692 1004 3758 91
1018 3693 1267 3757 accusationem
1287 3711 1383 3755 suam
1398 3689 1440 3753 de

295 3777 387 3841 11919
402 3779 672 3862 transgressione
687 3780 777 3844 unde
792 3779 891 3844 modo
907 3784 1025 3844 narrat
1035 3800 1151 3843 versus
1163 3799 1219 3842 999
1230 3777 1440 3856 cassandam,

295 3863 544 3929 consideratum
572 3871 624 3930 991
653 3867 742 3950 quod
767 3867 919 3951 praedicti
944 3866 1108 3950 Rogems,
1139 3865 1287 3930 Thomas
1311 3867 1346 3928 et
1370 3863 1439 3944 alii,

294 3952 416 4035 prater
441 3951 569 4016 dictum
594 3952 794 4032 Walterum,
821 3954 863 4018 de
886 3953 1156 4038 transgressione
1181 3951 1343 4038 praedicta
1369 3951 1440 4015 sint

294 4038 441 4103 convicti
456 4041 620 4123 tanquam
644 4041 824 4120 indefensi,
844 4042 920 4106 ideo
943 4042 1009 4125 ipsi
1030 4031 1286 4106 committentur
1310 4037 1439 4122 gaollae.

293 4126 339 4189 111
353 4125 513 4208 praedicta
530 4127 695 4212 Dyonisia
717 4133 894 4212 recuperet
910 4129 1058 4213 dampna
1081 4149 1152 4192 sua.
1198 4128 1244 4190 Et
1258 4126 1439 4212 pradictus

293 4211 464 4278 Walterus
491 4215 652 4298 quaesitus
676 4216 823 4299 qualiter
838 4237 873 4280 se
894 4216 974 4281 velit
997 4215 1190 4300 acquietare
1214 4215 1256 4280 de
1272 4215 1336 4278 hoc
1351 4214 1438 4298 quod

291 4320 361 4363 non
377 4300 472 4365 misit
485 4301 663 4386 praedictos
687 4303 869 4388 Rogerum‚
891 4303 1067 4382 Thomam,
1092 4300 1233 4367 9191199
1260 4301 1302 4365 91
1326 4304 1439 4364 trans-

292 4387 498 4472 gressionem
522 4387 714 4456 faciendam
738 4412 780 4454 ex
803 4412 869 4475 quo
893 4391 987 4456 19919
1007 4389 1227 4469 convincitur,
1249 4392 1285 4453 et
1309 4387 1350 4454 de
1376 4387 1440 4452 hoc

292 4474 380 4556 quod
396 4475 561 4541 99919911
577 4499 640 4542 999
654 4479 848 4563 procuravit
863 4499 937 4542 earn
950 4477 1147 4560 Dyonisiam
1158 4474 1340 4541 attachiari
1350 4473 1441 4559 apud
