3278 5104
310 497 352 561 92
462 517 575 562 sssrnu
599 517 696 578 aona,
720 517 1055 580 nonsummum,
1079 501 1122 564 40
1145 517 1228 566 uns.
1251 520 1306 566 111.

309 692 370 757 per
385 671 633 738 verberaturam
650 671 754 753 illam,
771 674 806 737 et
820 693 881 757 per
895 671 1225 759 inprisonamentum
1240 672 1335 755 illud,
1350 671 1457 738 tertio

309 757 364 823 die
378 763 498 844 postea
512 759 607 824 obiit.
653 759 699 825 Et
714 759 802 844 quod
813 760 970 826 hocfecit
981 761 1137 846 nequiter
1148 764 1184 826 et
1195 765 1313 827 contra
1327 781 1456 847 pacem,

308 849 386 927 etc,
411 846 511 912 offert
537 846 761 911 disrationare
778 867 892 912 versus
914 847 1037 934 ipsum,
1054 848 1143 913 sicut
1157 848 1252 914 curia
1266 847 1456 914 considera-

309 933 406 1014 verit,
422 938 462 998 ut
475 933 605 998 femina
619 953 734 999 versus
754 932 938 1000 hominem.

373 1021 420 1084 ut
453 1020 619 1087 Ricardus
651 1021 758 1101 venit,
788 1025 823 1088 et
852 1020 1003 1088 clericus.
1063 1022 1110 1087 Et
1139 1043 1240 1108 super
1268 1024 1333 1089 boc
1361 1021 1457 1086 veuit

309 1107 461 1174 officialis
480 1107 638 1194 Episcopi
659 1107 936 1190 Dunbolmeusia
958 1129 1020 1194 per
1040 1108 1175 1175 litteras
1190 1110 1344 1196 ejusdem
1357 1109 1456 1194 Epis·

309 1195 385 1280 copi
399 1198 567 1280 patentes,
590 1201 625 1261 et
646 1195 734 1280 petit
754 1195 865 1281 ipsum
879 1198 1044 1281 tanquam
1059 1196 1228 1278 clericum,
1244 1201 1279 1263 et
1293 1197 1457 1262 liberatur

176 1301 179 1306 ’
309 1282 350 1348 ei.
395 1283 441 1347 Et
455 1287 496 1347 ut
511 1281 639 1348 sciatur
654 1282 799 1367 qualiter
813 1282 845 1350 ei
859 1282 1030 1364 liberetur,
1053 1284 1248 1368 inquiratur
1265 1285 1315 1350 rei
1329 1283 1455 1352 veritas

308 1392 369 1457 per
394 1370 550 1456 patriam.
610 1369 787 1435 Juratores
811 1369 930 1435 dicunt
954 1391 1054 1456 super
1080 1375 1328 1439 sacramentum
1358 1391 1456 1437 suum

309 1457 397 1543 quod
423 1457 605 1544 pradictus
631 1457 797 1522 Ricardus
822 1457 892 1522 fuit
915 1457 1059 1523 ballivus
1081 1458 1139 1523 W’
1166 1459 1208 1525 de
1230 1457 1393 1524 Valencia
1415 1456 1458 1523 de

308 1544 545 1624 Werkewrth',
576 1548 611 1609 et
641 1544 716 1630 cepi
752 1543 838 1610 fecit
873 1545 987 1609 averia
1038 1545 1168 1610 raedicti
1199 1545 1359 1614 Willelmi
1394 1566 1456 1632 pro

307 1632 452 1718 quodam
467 1631 737 1698 amerciamento.
782 1632 828 1697 Et
841 1630 930 1697 idem
943 1631 998 1694 W'
1028 1632 1135 1697 elmus
1147 1633 1240 1700 venit
1255 1634 1297 1699 ad
1313 1633 1457 1700 eundem

305 1719 489 1785 Ricardum
504 1720 595 1804 apud
609 1718 835 1785 Werkewrth'
850 1719 893 1783 ad
908 1719 1165 1806 replegiandum
1179 1720 1292 1786 averia
1306 1743 1378 1786 sua.
1410 1721 1457 1785 Et

305 1807 486 1893 praedictus
508 1805 674 1871 Ricardus
696 1806 807 1871 noluit
828 1805 860 1873 ei
884 1805 1045 1892 praedicta
1068 1807 1182 1874 averia
1202 1808 1400 1894 replegiare,
1422 1811 1457 1874 et

305 1895 446 1961 tandem
465 1895 567 1958 finem
586 1892 671 1959 fecit
692 1914 770 1958 cum
791 1893 865 1979 ipso
887 1899 923 1958 et
945 1893 1017 1979 ipse
1038 1895 1194 1980 permisit
1216 1895 1329 1980 ipsum
1351 1895 1454 1961 abire.

305 1983 352 2047 Et
366 1981 496 2068 precise
519 1981 638 2045 dicunt
660 2002 760 2066 super
782 1987 1032 2046 sacramentum
1055 2003 1154 2047 suum
1170 1983 1259 2067 quod
1297 1982 1455 2047 raedictus

306 2070 471 2135 Ricardus
486 2089 555 2133 non
571 2067 760 2134 verberavit
774 2067 896 2153 ipsum,
919 2089 981 2134 nec
996 2069 1234 2154 inprisonavit.
1274 2005 1362 2135 ideo
1376 2069 1456 2135 inde

308 2156 453 2242 quietus.
509 2156 556 2220 Et
578 2155 741 2241 praedicta
766 2154 940 2242 Margerie
969 2156 1193 2222 custodiatur.
1250 2157 1296 2221 Et
1325 2156 1455 2222 dictum

306 2250 358 2309 est
373 2245 406 2309 ei
420 2243 508 2329 quod
523 2243 599 2329 ipsa
613 2245 773 2327 sequatur
786 2264 903 2308 versus
918 2264 996 2309 eum
1017 2243 1053 2307 in
1077 2244 1171 2310 curia
1186 2243 1410 2330 Xpianitatis,
1426 2243 1456 2309 si

306 2331 462 2398 voluerit.

370 2451 499 2532 Aricia,
515 2451 586 2516 filia
607 2450 773 2516 Willelmi
788 2450 830 2518 de
852 2451 1015 2532 Wakerl',
1032 2451 1180 2538 appellat
1202 2451 1388 2518 Robertum
1411 2452 1453 2518 de

305 2539 478 2626 Fayrhull,
494 2539 584 2623 quod
597 2537 657 2603 ubi
668 2537 742 2624 ipsa
756 2539 826 2603 tuit
837 2538 874 2602 in
883 2559 966 2625 pace
982 2539 1111 2603 domini
1126 2540 1231 2626 Regis
1243 2539 1297 2606 die
1314 2539 1454 2605 Sabbati

305 2624 1333 2800 {effibittit&{tattttatttt‘ttngt
1345 2626 1453 2779 sidit

304 2803 399 2888 regia
414 2805 450 2866 et
464 2799 508 2880 vi,
526 2763 706 2866 concubuit
722 2762 799 2866 cirm
814 2821 853 2866 ea
869 2804 904 2866 et
918 2800 1033 2884 rapuit
1049 2799 1081 2867 ei
1096 2800 1329 2903 virginitatem
1343 2823 1450 2882 suam,

305 2893 340 2955 et
364 2890 473 2975 ipsam
501 2887 536 2952 vi
562 2887 661 2952 duxit
684 2887 727 2951 ad
756 2887 895 2952 domum
917 2886 1092 2968 Willelmi,
1120 2887 1181 2952 tihi
1209 2888 1380 2974 Augnetis
1410 2888 1452 2954 de

305 2975 507 3063 Fayerbull',
524 2977 559 3039 et
580 2973 675 3039 illam
688 2973 738 3039 ibi
752 2974 905 3039 detinuit
925 2996 986 3060 per
999 2978 1112 3040 totam
1127 2979 1261 3042 noctem
1277 2997 1384 3060 usque
1407 2976 1451 3041 ad

304 3065 394 3131 diem
420 3061 634 3127 Domim'cam
660 3061 749 3127 circa
772 3062 891 3127 boram
916 3061 1071 3147 primam.
1115 3063 1162 3128 Et
1185 3062 1274 3147 quod
1288 3063 1352 3129 boc
1366 3061 1451 3129 fecit

303 3150 470 3236 nequiter,
493 3154 570 3230 etc,
593 3148 695 3214 offert
721 3147 946 3214 disrationare
968 3154 1087 3215 contra
1107 3147 1232 3234 ipsum,
1246 3149 1336 3216 sicut
1358 3149 1451 3216 curia

303 3236 575 3306 consideraverit.
635 3235 682 3300 Et
709 3235 878 3300 Robertus
907 3236 1003 3301 venit
1032 3240 1067 3301 et
1096 3237 1252 3302 defendit
1276 3237 1451 3320 telonium,

304 3347 425 3412 rapum
445 3327 480 3389 et
492 3323 651 3408 quicquid
661 3322 843 3389 estcontra
849 3343 977 3409 pacem,
990 3325 1066 3405 etc,
1082 3328 1118 3389 et
1128 3325 1217 3410 petit
1228 3323 1293 3390 sibi
1309 3324 1452 3392 allocere

305 3415 347 3479 de
362 3413 427 3478 boc
442 3411 532 3496 quod
547 3410 622 3496 ipse
644 3410 681 3473 in
696 3409 829 3496 appello
844 3431 905 3476 suo
921 3432 991 3476 non
1013 3410 1202 3477 nominavit
1216 3412 1328 3479 locum
1343 3432 1451 3497 neque

302 3502 421 3566 boram
450 3498 518 3563 diei
547 3496 682 3582 quando
711 3497 820 3583 ipsam
850 3497 977 3584 cepisse
1007 3497 1135 3579 debuit,
1165 3519 1228 3564 nec
1257 3499 1347 3584 quod
1375 3499 1450 3585 ipsa

303 3592 420 3654 secuta
433 3586 504 3651 fuit
525 3584 695 3670 appellum
711 3605 810 3649 suum
832 3585 875 3649 sd
896 3584 1085 3670 proximum
1108 3586 1317 3652 comitatum.
1362 3587 1451 3652 Con-

303 3676 487 3741 sideratum
502 3678 554 3737 est
570 3672 660 3756 quod
674 3670 844 3757 appellum
860 3673 931 3758 ejus
947 3672 1089 3751 nullum,
1105 3694 1166 3758 per
1177 3673 1266 3758 quod
1281 3673 1353 3759 ipse
1366 3674 1450 3759 poni

303 3763 426 3837 debeat
440 3760 483 3824 ad
499 3759 620 3846 legem,
636 3762 689 3824 set
711 3780 773 3845 pro
796 3780 879 3845 pace
902 3759 1032 3824 domini
1047 3761 1233 3843 serviendae,
1258 3759 1450 3845 inquiratur

301 3850 351 3917 rei
365 3847 491 3915 veritas
506 3868 566 3932 per
579 3845 736 3932 patriam.

366 3937 542 4002 Juratores
570 3933 690 3999 dicunt
715 3933 805 4017 quod
828 3955 929 4019 super
959 3937 1209 4000 sacramentum
1232 3955 1332 3999 suum
1358 3935 1449 4019 quod

301 4023 482 4110 praedictus
497 4021 668 4086 Robertus
683 4019 772 4106 cepit
786 4021 982 4106 predictam
998 4021 1154 4087 Ariciam
1168 4025 1203 4086 et
1218 4021 1252 4086 vi
1267 4022 1450 4089 concubuit

303 4135 380 4178 cum
396 4133 446 4191 ea,
462 4114 497 4176 et
506 4108 600 4173 illam
615 4108 765 4173 detinuit
773 4129 834 4194 per
848 4111 959 4173 tota-m
967 4111 1102 4176 noctem
1117 4108 1192 4194 ipsa
1201 4109 1321 4174 invita.
1366 4109 1449 4175 Ideo

301 4199 523 4266 custodiatur.
569 4195 692 4260 Postea
707 4196 800 4260 venit
820 4195 1000 4281 pradictus
1014 4195 1185 4262 Bobertus
1200 4199 1235 4261 et
1250 4197 1351 4262 finem
1365 4196 1450 4263 fecit

323 4285 468 4460 erypurlcil’i
495 4305 557 4369 per
583 4283 734 4368 plegium
764 4281 847 4348 Elise
883 4283 926 4348 de
963 4282 1124 4369 Fayrbull
1162 4288 1198 4351 et
1230 4284 1373 4350 Roberti
1406 4284 1449 4351 de

340 4396 358 4442 e
469 4372 490 4438 ’.

366 4502 465 4582 Alda,
481 4500 552 4566 filia
567 4499 741 4565 Lamberti
752 4498 794 4564 de
809 4498 1025 4583 Pampeden',
1034 4498 1265 4586 appellavitin
1274 4499 1449 4568 Oomitatu
