3278 5104
284 502 346 568 176
432 521 547 567 rssrzr
571 521 668 581 acan,
692 521 1031 582 normannicarum,
1055 502 1097 566 53
1121 523 1204 569 nnn.
1227 523 1282 568 111.

280 681 318 745 in
332 676 512 745 dominicis
520 674 621 744 terris
636 675 743 762 ipsius
758 675 937 742 Michaelis
952 680 1031 763 post
1045 675 1147 743 bladu
1158 680 1335 763 asportato
1347 680 1383 744 et
1397 675 1435 741 in

282 767 436 832 warectis
464 765 533 830 suis
560 786 580 829 a
602 764 694 831 festo
717 764 969 831 Purificationis
992 764 1106 830 Beetae
1126 764 1244 831 Meriae
1267 784 1374 849 usque
1390 764 1434 830 ad

283 855 412 920 festum
437 851 595 920 Omnium
620 851 834 931 Sanctorum,
861 855 898 917 et
919 853 956 916 in
978 852 1124 937 quedam
1145 851 1264 938 places
1285 856 1433 938 pasturae

283 944 375 1008 inter
389 941 474 1006 duos
489 940 617 1018 boscos,
641 961 716 1024 quae
734 938 889 1005 continet
912 938 997 1005 duas
1018 939 1166 1025 perticas
1189 939 1227 1004 in
1250 939 1434 1006 latitudine

284 1033 320 1098 et
343 1028 572 1115 quadraginta
596 1027 742 1112 perticas
768 1025 806 1089 in
827 1025 1055 1112 longitudine.
1100 1029 1146 1092 Et
1168 1026 1254 1092 dicit
1271 1027 1362 1112 qnod
1376 1026 1436 1092 ubi

284 1113 810 1270 h‘ilifflvf'liilillhffiliii
825 1113 1434 1268 lilibillliihmi'giii'imnl

283 1223 1434 1461 salniensecanicieshainin

284 1467 384 1532 Prior
397 1465 468 1530 fuit
482 1463 520 1528 in
535 1463 671 1549 seysinu
684 1462 832 1529 habendi
846 1462 1044 1547 praedictem
1059 1425 1273 1528 dommunum
1288 1470 1434 1549 pasturae

284 1575 416 1709 {23¹5sz
431 1549 1435 1707 Pttltfielltss⁶tsfft³t⁰tllhhtlhffl„stitit

285 1728 376 1815 quod
390 1661 452 1813 pei
465 1727 529 1791 hoc
539 1725 630 1809 qnod
645 1725 826 1809 predictus
836 1724 984 1790 Michael
999 1745 1069 1790 non
1084 1729 1181 1792 tenet
1190 1687 1229 1790 ei,
1235 1727 1435 1812 praedictum

285 1818 401 1894 finem,
431 1812 656 1878 deterioratus
687 1816 740 1876 est
769 1816 804 1878 et
831 1812 1016 1896 dsmpnum
1046 1812 1149 1880 hebet
1178 1814 1223 1878 ud
1251 1813 1435 1881 valentiam

284 1901 410 1988 viginti
433 1901 482 1980 li’‚
510 1903 545 1964 et
571 1898 651 1963 inde
676 1898 833 1984 producit
859 1902 996 1964 sectam.
1042 1901 1087 1964 Et
1111 1899 1259 1966 Michsel
1283 1901 1436 1971 renitet

286 1987 441 2056 defendit
455 1987 525 2051 vim
540 1991 575 2051 et
589 1986 760 2071 injuriam,
772 1985 919 2071 quando,
935 1993 1013 2066 eto,
1029 1989 1064 2051 et
1079 1987 1163 2054 bene
1176 1989 1331 2054 concedit
1345 1991 1436 2074 quod

286 2076 467 2164 praedictus
482 2073 580 2139 Prior
595 2073 720 2138 habeat
742 2076 918 2158 pasturam
944 2074 988 2138 ad
1003 2072 1116 2140 everis
1131 2095 1193 2140 sus
1206 2075 1242 2139 in
1258 2075 1436 2144 dominicis

285 2164 393 2251 ipsius
402 2161 580 2227 Michaelis
595 2165 674 2246 post
684 2159 786 2225 blada
800 2163 834 2226 et
845 2159 1131 2245 foenausportsta,
1143 2182 1164 2226 a
1175 2161 1266 2228 festo
1275 2161 1436 2230 Omnium

286 2254 489 2317 Sanctorum
510 2268 616 2332 usque
633 2247 676 2312 ad
690 2246 819 2312 festum
834 2247 1086 2313 Purificstionis
1109 2248 1223 2314 Beatae
1238 2251 1367 2333 Mariae,
1384 2260 1436 2319 set

283 2339 372 2404 bene
380 2335 535 2401 defendit
548 2335 638 2418 quod
649 2334 723 2420 ipse
735 2355 919 2419 nunquam,
930 2339 1012 2400 ante
1022 2335 1268 2402 confectionem
1281 2339 1435 2422 proedicti

286 2426 365 2492 finis
381 2444 444 2489 nec
458 2426 588 2508 postea,
604 2420 719 2506 aliquo
733 2425 885 2506 tempore
899 2421 969 2488 fuit
984 2421 1021 2486 in
1033 2423 1169 2508 seysina
1184 2423 1332 2490 hsbendi
1348 2447 1436 2493 com-

286 2509 646 2666 perpzmhpareedictam
674 2507 711 2573 in
734 2507 912 2660 dlorfnirpicis
935 2510 1005 2663 gris
1028 2530 1050 2611 u
1071 2510 1162 2662 festp
1184 2510 1435 2664 Pffiificationis

317 2622 357 2667 ea
490 2618 549 2662 rrae
577 2617 618 2661 us
642 2615 684 2662 ue
714 2617 735 2660 a
797 2616 911 2661 esum
966 2617 1098 2661 mnium
1153 2619 1216 2664 anc
1255 2621 1330 2665 rum
1373 2623 1416 2668 ne

286 2687 390 2754 etiam
412 2685 448 2750 in
469 2618 641 2770 praedictall
653 2682 772 2767 pisces
794 2683 886 2749 inter
908 2684 1087 2769 predictos
1108 2683 1238 2767 boscos,
1260 2624 1436 2774 ominari

285 2773 479 2861 pertinente
493 2772 538 2837 ad
552 2770 730 2856 praedictas
742 2770 826 2836 dues
842 2774 1018 2836 carucatas
1033 2775 1142 2853 terrae,
1156 2775 1208 2841 set
1222 2795 1337 2840 revers
1351 2777 1436 2843 dicit

285 2860 375 2948 quod
405 2860 494 2925 idem
524 2857 623 2923 Prior
647 2856 832 2942 aliquando
858 2857 1035 2925 consuevit
1058 2859 1182 2926 habere
1206 2866 1383 2948 pasturam
1397 2863 1435 2929 in

285 2947 462 3014 dominicis
478 2945 584 3031 ipsius
600 2944 790 3025 Michaelis,
807 2944 948 3026 scilicet,
963 2945 1001 3009 in
1016 2947 1181 3028 werectis,
1198 2949 1323 3015 aiesto
1335 2951 1433 3017 Puri-

285 3034 453 3101 ficationis
468 3033 583 3098 Beatus
597 3032 716 3098 Meriae
730 3053 836 3117 usque
851 3033 895 3097 sd
910 3032 1038 3098 festum
1053 3033 1213 3100 Omnium
1234 3037 1435 3106 Sanctorum

284 3144 347 3210 pro
362 3142 424 3188 suo
439 3121 550 3185 dendo
565 3120 609 3184 sd
623 3120 834 3186 voluntatem
849 3119 956 3206 ipsius
979 3120 1168 3188 Michaelis.
1213 3124 1259 3189 st
1274 3127 1362 3209 quod
1385 3128 1436 3192 ita

286 3211 333 3277 sit
347 3208 445 3295 ponit
461 3229 496 3274 se
512 3228 612 3293 super
626 3207 784 3292 patriam,
800 3210 837 3272 et
852 3207 950 3273 Prior
965 3208 1132 3275 similiter.
1176 3210 1259 3277 Ideo
1280 3213 1342 3278 fist
1356 3214 1436 3280 inde

284 3299 412 3400 jurute.
458 3293 678 3361 assimiliter
700 3293 882 3380 praedictus
903 3290 1051 3364 Michael
1071 3296 1157 3363 bene
1179 3298 1333 3365 defendit
1347 3304 1437 3386 quod

285 3405 370 3470 rpse,
386 3381 504 3468 vigilia
519 3381 737 3448 Pentecostes
752 3403 845 3448 anno
859 3383 1033 3468 predicto,
1049 3405 1118 3449 non
1134 3385 1224 3471 cepit
1239 3408 1301 3454 nec
1316 3408 1355 3454 oe
1379 3411 1434 3456 ere

285 3472 370 3538 iecit
394 3469 573 3557 praedictas
597 3473 786 3535 trescentos
803 3470 932 3537 cresin
955 3471 1117 3557 praedicts
1136 3493 1232 3539 mors
1247 3475 1288 3541 de
1302 3411 1435 3542 Kilum

286 3560 375 3625 sicut
387 3557 420 3623 ci
429 3556 574 3643 inponit.
597 3557 644 3621 Et
653 3556 717 3622 hoc
725 3566 865 3642 paratus
876 3560 930 3623 est
938 3557 1120 3625 defendere
1131 3580 1247 3627 versus
1257 3583 1345 3644 eum,
1358 3568 1434 3647 etc,

285 3649 388 3733 prout
403 3645 498 3711 curis
512 3643 785 3725 consideraverit,
802 3647 866 3710 etc.
912 3644 996 3711 Ideo
1006 3646 1123 3712 vadiet
1138 3647 1169 3713 ei
1184 3649 1293 3734 legem
1305 3671 1340 3717 se
1353 3652 1434 3717 duo-

287 3733 416 3800 decima
431 3753 534 3796 manu
549 3734 585 3797 et
599 3731 713 3799 veniet
723 3753 800 3797 cum
815 3730 890 3817 lege
906 3753 969 3797 sua
978 3732 1044 3812 dic,
1056 3737 1120 3800 ete.
1166 3735 1275 3821 Plagii
1290 3737 1332 3803 de
1347 3738 1434 3825 lege,

287 3818 518 3906 Gwychsrdus
538 3819 580 3884 de
602 3817 757 3884 Ohurrun
781 3820 816 3884 et
831 3819 1004 3886 Walterus
1027 3820 1162 3888 Corbet.
1206 3822 1330 3890 Postea
1352 3847 1435 3912 prae·

286 3909 399 3973 dictus
421 3906 519 3970 Prior
542 3927 612 3971 non
635 3909 689 3971 est
710 3910 920 3992 prosecutus,
935 3906 1012 3975 ideo
1035 3908 1107 3994 ipse
1127 3913 1164 3976 et
1186 3910 1291 3997 plegii
1317 3913 1370 3978 sui
1393 3914 1435 3980 de

286 3993 519 4082 prosequendo
555 3993 592 4057 in
629 3992 718 4074 mis',
749 3992 889 4076 scilicet,
923 3994 1117 4064 Willelmus
1154 3997 1371 4065 Malenfaunt
1400 4005 1436 4069 et

286 4083 439 4168 Rogcrur
454 4080 497 4145 de
512 4079 682 4147 Prestien.
727 4081 774 4146 ut
788 4080 869 4166 quia
883 4081 1063 4166 predictus
1085 4084 1234 4151 Michael
1255 4109 1325 4151 non
1340 4088 1434 4154 venit
1502 4085 1505 4094 ⁴

285 4191 363 4237 cum
376 4169 452 4253 lege
467 4189 529 4234 sua
543 4169 588 4233 ad
602 4167 693 4234 diem
708 4166 775 4234 sibi
788 4169 989 4255 praefixsum,
1005 4170 1083 4238 ideo
1097 4171 1133 4235 in
1148 4171 1234 4238 mis'.

349 4319 542 4388 Alexander
566 4320 657 4386 filius
681 4320 870 4404 Laurentii,
894 4322 953 4407 qui
972 4323 1054 4388 tulit
1075 4325 1174 4393 breve
1196 4327 1316 4392 mortis
1337 4332 1434 4395 ante·

286 4408 428 4477 cessoris
457 4428 572 4474 versus
600 4408 770 4495 Agnetem
793 4409 951 4475 Bertram
975 4411 1012 4475 in
1037 4412 1160 4478 Midlss
1190 4413 1432 4498 Ohslverdone‚

264 4586 268 4597 ι
285 4518 355 4564 non
370 4500 424 4562 est
437 4499 648 4581 prosecutus,
665 4494 822 4584 ideoipse
834 4499 870 4564 et
884 4496 991 4584 plegii
1012 4499 1064 4564 sui
1079 4499 1121 4569 de
1140 4502 1373 4590 prosequendo
1397 4504 1435 4571 in
