3264 5110
401 624 515 670 eesrzn
536 626 633 686 nonu,
657 625 995 687 rennuunnnunern,
1021 606 1039 669 7
1062 626 1150 671 nnvv.
1173 627 1201 671 1.
1311 603 1371 668 291

220 777 380 844 Johanna
404 779 564 848 seieinam
590 799 685 845 suam
712 781 754 846 de
777 780 903 848 eisdem
926 781 1132 846 tenementis
1151 801 1230 847 recu
1273 778 1372 860 ravit,

219 865 716 953 undedicnntquodpraedictae
725 868 1220 952 Juliaetlohannanunquam
1272 872 1374 932 erunt

219 952 256 1016 in
272 953 396 1019 seisina
411 955 453 1020 de
468 954 637 1039 praedictis
652 955 857 1021 tenementis
873 959 912 1020 ut
926 955 1087 1020 delibero
1102 959 1306 1035 tenemento,
1323 953 1373 1019 ita

219 1040 309 1124 quod
324 1043 509 1126 potuerunt
524 1042 604 1107 inde
619 1042 801 1122 dieeeisire,
817 1045 880 1108 etc.

284 1128 328 1192 nt
343 1126 436 1193 Elias
452 1132 488 1194 et
501 1129 524 1194 J
526 1128 607 1209 ulia,
624 1128 789 1194 Ricardus
804 1132 840 1196 et
855 1131 876 1193 J
878 1131 1014 1194 ohanna
1034 1129 1154 1194 dicunt
1169 1129 1258 1214 quod
1274 1130 1370 1193 ante-

218 1236 319 1299 quam
334 1215 495 1300 predicta
509 1217 532 1282 J
533 1217 678 1295 ohanna,
695 1237 779 1281 uxor
793 1216 946 1301 predicti
959 1216 1095 1302 Rogeri,
1112 1216 1261 1300 aliquam
1276 1215 1370 1281 eeisi-

219 1323 299 1366 nam
321 1302 443 1367 habuit
458 1302 500 1368 de
518 1302 688 1388 praedictis
703 1305 919 1384 tenementis,
935 1303 1079 1368 fuerunt
1093 1305 1209 1370 eadem
1225 1303 1248 1368 J
1249 1303 1320 1367 ulia
1335 1305 1371 1366 et

216 1389 239 1454 J
240 1389 378 1454 ohanna
391 1389 471 1454 inde
486 1389 523 1454 in
538 1390 664 1455 neieina
678 1411 738 1476 per
752 1389 1013 1457 feoffamentum
1027 1390 1180 1475 predicti
1196 1388 1369 1469 willelmi,

220 1497 392 1560 quousque
414 1476 505 1543 idem
527 1476 719 1542 Willelmue
742 1477 833 1563 ipsas
855 1477 985 1563 injuste
1008 1483 1042 1544 et
1065 1476 1137 1544 sine
1159 1476 1288 1562 judicio
1304 1476 1370 1540 dis-

219 1562 357 1628 seisivit.
403 1564 449 1628 Et
464 1563 506 1629 de
521 1565 585 1629 hoc
596 1569 729 1648 ponunt
744 1585 779 1630 ee
792 1585 891 1650 super
905 1564 1062 1650 petriam.
1106 1565 1152 1629 Et
1166 1563 1320 1649 Rogerus
1336 1567 1372 1628 et

218 1649 242 1714 J
243 1650 379 1716 ohanna
395 1650 561 1718 similiter.
607 1651 689 1717 Ideo
704 1653 765 1716 fiat
780 1651 858 1717 inde
873 1652 999 1736 jurata,
1020 1655 1085 1717 etc.
1130 1651 1306 1717 Juratoree
1322 1649 1367 1714 di·

218 1741 301 1802 cunt
316 1758 417 1823 super
432 1740 679 1804 sacramentum
698 1760 798 1804 suum
819 1738 907 1823 quod
924 1738 1085 1824 praedicta
1099 1738 1121 1803 J
1122 1738 1269 1816 ohanna,
1285 1758 1371 1803 uxor

216 1823 370 1908 praedicti
396 1825 532 1910 Rogem,
559 1824 704 1891 feoilata
729 1825 800 1889 fuit
826 1826 867 1890 de
891 1824 1061 1911 praedictis
1085 1825 1288 1890 tenementis
1311 1845 1371 1908 per

216 1911 415 1996 preadictum
431 1910 653 1978 Willelmum.
696 1913 742 1977 Et
755 1917 875 1998 postea
889 1911 962 1998 ipsa
977 1913 1047 1977 fuit
1062 1913 1186 1997 adepta
1201 1911 1370 2012 seysinam

115 2067 118 2072 Δ
215 2019 275 2083 per
289 1998 489 2083 pradictum
504 1997 774 2080 feoffamentutn,
794 1999 884 2066 idem
910 1999 1098 2064 Willelmus
1121 2003 1238 2084 postea
1260 2020 1369 2084 ipsam

217 2085 296 2151 inde
304 2085 595 2171 disseyeivit,post
603 2085 846 2170 quamquidem
856 2085 1369 2166 dieeeisinam,idemWillelmus

215 2171 374 2237 ieoffavit
391 2173 470 2239 inde
484 2172 661 2258 predictas
677 2173 699 2238 J
700 2173 852 2238 ulianam
866 2177 902 2238 et
917 2174 939 2239 J
940 2174 1121 2254 channam,
1144 2174 1234 2238 unde
1250 2173 1370 2238 dicunt

215 2260 305 2345 quod
320 2259 483 2345 praedicta
496 2260 519 2324 J
520 2260 667 2341 ohanna,
684 2282 768 2325 uxor
783 2260 935 2345 praedicti
952 2260 1088 2346 Regem,
1110 2261 1203 2346 prius
1225 2260 1370 2325 ieoffata

215 2347 286 2411 fuit
301 2347 342 2411 de
355 2347 481 2412 eisdem
489 2348 692 2413 tenementis
707 2369 807 2431 quam
823 2347 990 2433 praedictae
1001 2347 1139 2412 Juliana
1151 2352 1186 2412 et
1197 2346 1219 2411 J
1221 2348 1368 2412 ohanna.

214 2433 296 2499 Ideo
312 2434 561 2500 consideratum
576 2435 665 2517 quod
680 2433 834 2519 praedicti
857 2435 1010 2519 Rogerue
1032 2440 1068 2500 et
1089 2434 1260 2513 Johanna,
1284 2455 1369 2498 uxor

215 2520 301 2606 ejus,
317 2520 397 2586 inde
413 2521 486 2588 sine
501 2520 567 2601 die,
584 2525 619 2587 et
641 2522 807 2587 Ricardus
830 2521 923 2588 Belle
944 2525 980 2586 et
994 2520 1164 2602 iohanne,
1180 2542 1266 2586 uxor
1281 2520 1367 2605 ejus,

216 2607 323 2674 nichil
342 2608 479 2693 capiant
493 2629 553 2693 per
567 2607 718 2693 juratam
736 2608 850 2687 istam,
872 2613 924 2675 set
948 2609 1018 2674 sint
1040 2608 1076 2672 in
1099 2608 1174 2674 mis’
1198 2628 1259 2693 pro
1279 2607 1368 2673 falso

216 2695 373 2776 clamore,
390 2698 454 2761 etc.

280 2867 432 2952 Angues,
457 2888 531 2951 quae
546 2867 617 2932 fuit
641 2888 727 2931 uxor
749 2865 894 2934 Gilberti
916 2865 1074 2952 Hyring’,
1096 2865 1223 2951 optulit
1241 2886 1276 2932 se
1291 2866 1368 2952 iiijto

217 2952 272 3019 die
286 2974 401 3019 versus
424 2954 631 3039 Margeriam
646 2954 688 3018 de
702 2953 864 3040 Bayeield
879 2954 921 3019 de
935 2953 1061 3038 placito
1084 2953 1173 3037 quod
1194 2953 1315 3018 reddat·
1337 2953 1369 3018 ei

216 3044 362 3125 quatuor
387 3040 424 3104 li'
448 3043 484 3106 et
510 3063 569 3107 sex
593 3043 618 3105 e'
642 3062 725 3126 quos
747 3041 779 3108 ei
801 3043 913 3106 aretro
936 3042 1017 3106 eunt
1035 3039 1076 3106 de
1098 3061 1211 3105 annuo
1234 3040 1369 3107 redditu

218 3126 334 3192 decem
350 3127 376 3190 ε’
392 3148 492 3212 quem
508 3128 540 3193 ei
562 3127 674 3208 debet,
697 3132 761 3193 eto.
806 3128 853 3193 nt
874 3127 947 3213 ipse
969 3149 1038 3193 non
1059 3128 1163 3207 venit,
1187 3132 1222 3193 et
1244 3128 1369 3212 pluries

215 3213 300 3280 feeit
315 3214 472 3280 defaltas.
510 3214 593 3281 Ideo
602 3221 806 3301 praeceptum
819 3218 872 3280 est
883 3213 1071 3280 vicecomiti
1085 3214 1173 3298 quod
1182 3215 1369 3300 distringat

216 3321 294 3366 eum
308 3323 368 3386 per
383 3322 498 3369 omnes
514 3307 633 3382 terrae,
649 3305 723 3382 eta,
740 3306 774 3368 et
788 3303 878 3386 quod
893 3301 934 3369 de
949 3301 1108 3381 exitibus,
1125 3305 1202 3381 etc,
1225 3306 1260 3366 et
1279 3302 1368 3385 quod

215 3388 342 3455 habeat
356 3409 476 3475 corpus
488 3390 559 3475 ejus
575 3389 612 3454 in
627 3388 766 3456 Octabis
783 3391 916 3455 Sanctae
936 3388 1114 3454 Trinitatis
1133 3389 1224 3473 apud
1239 3389 1365 3454 Ebora-

220 3496 308 3557 cum,
326 3480 390 3541 etc.
1038 3517 1045 3532 .

279 3645 420 3712 Juliana
445 3645 518 3712 iilia
538 3645 703 3713 Willelmi
724 3646 757 3712 le
777 3647 943 3734 Teyntrer
964 3650 1000 3712 et
1021 3645 1142 3727 Alicia,
1167 3667 1260 3711 soror
1279 3645 1366 3731 ejus,

215 3733 413 3820 optulerunt
443 3755 478 3800 se
508 3734 585 3819 iiijto
619 3734 673 3800 die
704 3755 819 3799 versus
851 3733 1061 3799 Willelmum
1084 3733 1116 3798 le
1140 3733 1302 3818 Serjaunt
1325 3734 1366 3799 de

216 3821 343 3908 placito
361 3820 452 3905 quod
471 3821 592 3886 reddat
614 3821 663 3886 eis
682 3843 790 3885 unum
807 3822 1034 3907 messuagium
1057 3841 1133 3885 cum
1150 3820 1367 3905 pertinentiis

215 3909 252 3971 in
267 3907 451 3993 Morpath’,
467 3909 556 3992 quod
571 3908 719 3974 clamant
733 3912 775 3973 ut
795 3908 851 4009 jus
874 3929 972 3973 suum
996 3908 1174 3974 simuleum
1193 3906 1365 3974 Willelmo

215 3995 286 4060 filio
298 3995 376 4060 Evae
384 3995 426 4059 de
436 3995 620 4080 Morpath',
630 3999 694 4061 etc.
738 3995 785 4059 nt
795 4016 866 4080 1pee
878 4017 947 4060 non
958 3995 1062 4062 venit.
1102 3995 1147 4058 lit
1163 3999 1366 4080 praeceptum

214 4081 285 4146 init
300 4081 489 4147 vicecomiti
504 4081 593 4166 quod
609 4082 830 4148 summoniret
844 4103 922 4148 eum
936 4081 1025 4167 qnod
1041 4085 1131 4147 esset
1146 4080 1201 4146 hic
1216 4081 1259 4146 ad
1275 4082 1366 4146 hunc

215 4169 314 4234 diem.
360 4169 407 4232 lit
420 4169 605 4235 vicecomes
622 4169 726 4235 nichil
742 4169 821 4234 inde
832 4168 927 4249 fecit,
941 4174 993 4234 set
1005 4171 1152 4233 testatur
1163 4167 1252 4252 quod
1267 4168 1365 4233 breve

215 4257 300 4322 adeo
320 4256 418 4320 tarde
439 4255 545 4336 venit,
568 4257 656 4340 quod
681 4254 766 4320 illud
785 4255 906 4340 exequi
926 4277 995 4322 non
1009 4255 1133 4341 potuit.
1179 4255 1262 4320 Ideo
1278 4255 1366 4320 sicut

215 4343 308 4429 prius
334 4348 538 4428 praeceptum
562 4346 615 4408 est
636 4342 825 4409 vicecomiti
848 4343 936 4426 quod
959 4342 1165 4408 summoniat
1184 4364 1261 4410 enm
1276 4343 1367 4426 quod

215 4430 262 4496 sit
284 4429 374 4515 apud
396 4430 586 4495 Eboracum
608 4429 643 4493 in
662 4429 801 4497 Octabis
827 4429 960 4494 Sancta
980 4429 1169 4495 Trinitatis.
1215 4429 1260 4494 nt
1276 4429 1365 4494 unde

215 4518 398 4584 vicecomes
421 4516 607 4597 mandavit,
629 4520 693 4584 etc.
736 4517 784 4581 Et
806 4515 962 4584 similiter
983 4521 1188 4602 praeceptum
1204 4520 1256 4581 est
1279 4517 1364 4583 vice-

216 4605 333 4672 comiti
359 4603 447 4691 quod
475 4605 682 4670 summoniat
710 4605 910 4691 praedictum
935 4603 1144 4668 Willelmum
1166 4602 1270 4754 fili121m
1289 4605 1366 4670 Evae

1182 4711 1204 4755 u
