3272 5092
395 565 510 613 essrzu
533 565 630 626 nonu,
653 563 993 624 noarrrmmuumru,
1019 544 1037 610 7
1061 564 1148 612 anu.
1172 565 1197 611 1.
1302 545 1365 612 237

212 720 355 808 byging,
367 720 427 806 qui
441 719 597 787 tulerunt
611 720 711 786 breve
726 740 820 786 novoe
834 718 1029 786 disseisinae‘
1041 741 1158 786 versus
1174 721 1195 786 J
1196 721 1366 786 ohannem

210 809 253 874 de
268 810 422 894 Aveynes
444 810 480 874 et
495 807 580 874 alios
595 807 633 871 in
647 806 742 872 brevi
765 807 805 874 de
832 808 1038 874 tenementis
1052 807 1090 872 in
1106 808 1366 894 Newebigging,

211 917 280 962 non
296 898 377 960 suut
392 895 573 981 prosecuti.
619 894 703 958 Ideo
723 894 790 978 ipsi
813 898 849 959 et
872 895 978 980 plegii
1003 895 1057 960 sui
1077 895 1119 961 de
1134 895 1367 981 prosequendo

209 984 247 1047 in
270 983 359 1063 mis',
384 982 525 1062 scilicet,
549 981 748 1046 Edmundus
771 983 812 1046 de
839 982 1040 1048 Slilreburne
1068 987 1103 1046 et
1125 983 1300 1048 Walterus
1326 984 1367 1048 de

213 1071 380 1157 Kynton’,
397 1072 462 1135 eto.

275 1208 406 1272 Alanus
422 1207 464 1273 de
480 1206 700 1292 Swynburue,
717 1205 776 1291 qui
798 1207 881 1273 tulit
894 1207 994 1274 breve
1010 1209 1052 1273 de
1068 1208 1250 1274 warrantia
1266 1211 1368 1274 cartre

211 1317 325 1361 versus
337 1295 501 1376 Thomam
514 1294 621 1358 filium
632 1295 655 1360 J
657 1293 802 1359 ohannis
813 1295 854 1360 de
865 1295 1131 1381 Hertewayton'l
1144 1296 1185 1360 de
1196 1299 1332 1360 centurn
1342 1295 1368 1359 θ’

213 1382 366 1448 redditus
382 1404 459 1447 cum
481 1381 700 1467 pertinentiis
722 1380 759 1446 in
784 1383 913 1467 Magna
928 1381 1085 1462 Hecton',
1101 1404 1171 1447 non
1187 1385 1240 1447 θεὴ
1254 1403 1367 1467 prose·

212 1474 321 1535 cutus.
359 1469 442 1536 Ideo
454 1469 526 1554 ipse
541 1473 577 1536 et
592 1469 697 1554 plegii
712 1469 766 1534 sui
777 1470 819 1533 de
830 1470 1062 1555 prosequendo
1077 1469 1114 1533 in
1130 1469 1217 1550 mis'‚
1228 1469 1367 1550 scilicet,

214 1557 361 1623 Thomas
377 1557 419 1622 de
434 1556 682 1642 Fyscheburne,
699 1555 786 1623 alter
801 1556 934 1642 plegius
950 1555 1047 1637 obiit,
1064 1560 1128 1622 eto.

279 1694 426 1760 Thomas
451 1693 540 1758 filius
562 1692 647 1758 Adae
670 1694 712 1758 de
736 1693 893 1758 Plaxton’
910 1693 1136 1758 summonitus
1158 1693 1228 1758 fuit
1250 1694 1295 1758 ad
1316 1715 1368 1758 re·

214 1781 448 1868 spondendum
464 1779 575 1845 Priori
591 1781 632 1845 de
651 1780 824 1866 Kyroham
840 1782 882 1845 de
904 1781 1031 1866 placito
1047 1780 1135 1864 quod
1150 1781 1367 1847 warrantizet

215 1869 247 1934 ei
272 1868 409 1935 tertiam
434 1871 566 1953 partem
596 1867 698 1931 unius
723 1867 917 1953 messuagii‚
944 1889 998 1932 sex
1022 1889 1178 1933 aurarum
1202 1872 1311 1948 terrae,
1333 1872 1367 1933 et

216 1956 318 2021 unius
334 1977 420 2021 aorae
433 1955 526 2040 prati
546 1975 623 2019 cum
647 1954 863 2039 pertinentiis
888 1953 924 2017 iu
947 1955 1125 2032 Plnxtone‚
1143 1977 1243 2040 quam
1259 1958 1366 2035 tenet,

217 2047 252 2109 et
268 2044 309 2108 de
325 2063 365 2108 eo
380 2046 496 2107 tenere
512 2042 648 2122 clamat,
665 2043 700 2107 et
718 2041 807 2105 uude
823 2045 953 2105 cartam
969 2063 1065 2106 suam
1080 2042 1195 2122 habet,
1212 2045 1276 2108 etc.
1322 2043 1369 2107 Et

215 2131 305 2194 unde
315 2129 400 2194 dicit
409 2130 499 2213 quod
511 2149 587 2194 oum
597 2127 779 2206 cristiana,
791 2149 863 2213 quae
874 2128 944 2192 fuit
953 2150 1038 2194 uxor
1046 2129 1129 2194 Adae
1141 2130 1182 2195 de
1192 2129 1369 2210 Plaxtone,

216 2217 441 2303 implacitavit
456 2216 567 2301 ipsum
583 2215 625 2280 de
663 2214 802 2280 raediota
824 2215 929 2280 tertia
951 2219 1047 2300 parte
1069 2217 1105 2279 in
1122 2217 1287 2280 comitatu
1301 2216 1368 2280 isto

214 2325 276 2456 ppr
290 2304 388 2369 breve
404 2304 552 2455 {erepto
568 2302 609 2454 {e
648 2306 715 2383 ote,
725 2305 761 2454 ott
774 2302 865 2368 idem
880 2302 979 2454 Ppliop
990 2303 1137 2454 venizshet
1151 2305 1188 2367 in
1204 2304 1370 2369 comitatu

216 2415 234 2460 θ
273 2413 408 2457 vocasse
448 2413 484 2454 1n
510 2412 569 2456 ea
607 2410 738 2454 warran
755 2411 813 2453 um
862 2411 907 2454 rae
930 2411 961 2454 ro
978 2412 1035 2454 um
1115 2412 1226 2455 ornam
1241 2411 1368 2456 ¹versus

217 2501 302 2559 eam,
331 2483 366 2543 ct
397 2499 498 2563 super
526 2478 591 2544 hoo
613 2477 711 2543 breve
738 2412 1063 2562 istudpinpetrasset
1086 2498 1202 2542 versus
1227 2499 1303 2544 eum
1328 2479 1369 2542 de

216 2565 411 2645 waurantis,
442 2565 622 2651 praedictus
646 2565 759 2629 Adam
791 2563 823 2628 ei
852 2565 1048 2649 praedictam
1072 2565 1211 2631 tertiam
1237 2567 1368 2649 partem
1410 2575 1411 2578 ’

216 2652 455 2719 warrantizare
471 2651 689 2731 contradixit,
705 2651 796 2716 unde
821 2651 905 2716 dicit
929 2653 1019 2735 quod
1040 2673 1102 2735 pro
1125 2652 1273 2718 deffectu
1286 2675 1370 2718 war-

216 2741 338 2806 rantiae
352 2739 460 2825 ipsius
476 2739 612 2804 Thomae
627 2738 851 2805 deterioratus
867 2741 920 2804 est
943 2741 978 2803 et
998 2739 1184 2823 dampnum
1198 2739 1303 2805 habet
1325 2740 1369 2804 ad

216 2827 399 2894 valentiam
430 2829 568 2892 centum
596 2826 631 2890 s'.
677 2827 724 2889 Et
752 2825 833 2890 inde
861 2825 1019 2910 producit
1048 2829 1186 2906 sectam,
1212 2831 1276 2892 etc.
1322 2826 1369 2890 Et
1469 2845 1476 2861 ·

216 2916 362 2981 Thomas
378 2913 483 2994 venit,
499 2917 535 2978 et
557 2913 588 2979 ci
603 2912 829 2978 warrantizat.
875 2913 921 2976 Et
944 2912 1141 2978 dictumest
1163 2913 1195 2977 ei
1217 2914 1307 2997 quod
1326 2912 1371 2977 ad

216 3001 416 3090 praediotum
447 3000 648 3066 comitatum
676 3000 837 3085 praedicto
867 3000 977 3064 Priori
1000 3000 1200 3085 pradictum
1231 3000 1370 3067 tertiam

218 3092 348 3176 partem
366 3089 591 3152 warrantizet.

281 3232 411 3300 Assiea2
427 3233 520 3299 venit
541 3232 758 3319 recognitura
779 3233 808 3298 si
832 3234 1008 3299 Johaunes
1030 3235 1073 3298 de
1088 3233 1256 3318 Wytton’‚
1272 3237 1371 3319 pater

216 3322 358 3387 Roberti
374 3322 416 3386 de
433 3322 601 3406 Wytton',
611 3320 681 3385 fuit
691 3320 837 3406 seysitus
852 3321 889 3384 in
905 3321 1075 3385 dominico
1085 3343 1146 3386 suo
1162 3325 1202 3386 ut
1218 3322 1258 3388 de
1269 3322 1371 3386 feodo

217 3411 259 3474 de
275 3429 334 3473 sex
349 3408 559 3493 messuagiis,
576 3411 714 3473 eentum
731 3411 766 3474 et
781 3413 859 3474 octo
870 3407 957 3474 acris
973 3411 1083 3487 terrae,
1093 3408 1267 3474 duodecim
1283 3409 1371 3475 acris

218 3497 311 3584 prati
326 3517 401 3561 cum
416 3495 634 3581 pertiuentiis
649 3496 685 3558 in
701 3495 830 3579 Magna
846 3495 1037 3581 Wytigtou,
1054 3495 1108 3560 die
1123 3516 1199 3580 qu0‚
1217 3498 1279 3562 eto.
1325 3496 1372 3561 Et

219 3585 259 3664 si,
276 3588 340 3649 ctc.
385 3583 468 3664 Qua
482 3583 657 3648 Johannes
680 3583 722 3647 de
746 3582 912 3647 Haulton'
927 3586 1034 3662 tenet,
1054 3582 1112 3666 qui
1126 3582 1221 3646 venit
1237 3587 1272 3648 et
1286 3583 1372 3649 boue

219 3671 394 3758 cognoscit
409 3691 525 3735 omnes
541 3669 702 3736 articulos
726 3669 845 3735 brevis.
892 3670 938 3733 Et
961 3670 1044 3736 dicit
1065 3669 1155 3754 quod
1175 3669 1247 3754 ipse
1266 3669 1372 3736 nichil

220 3759 345 3825 elamat
359 3756 396 3822 in
411 3756 581 3842 praedictis
596 3757 800 3821 tenementis
816 3756 884 3821 nisi
900 3757 1035 3823 nomine
1050 3756 1222 3836 custodiar,
1238 3758 1372 3821 ratione

219 3845 360 3910 minoris
375 3843 486 3909 aemtis
502 3843 656 3929 praedicti
671 3843 823 3924 Roberti,
833 3863 873 3908 eo
888 3843 977 3928 quod
992 3844 1174 3929 pradictus
1185 3844 1372 3924 Johannes,

218 3936 316 4018 pater
330 3953 422 4011 suus,
438 3932 480 3995 de
504 3951 544 3996 eo
566 3930 680 3995 tenuit
700 3952 760 4014 per
785 3931 993 3995 forinsecum
1017 3931 1203 4010 servitium,
1232 3931 1371 4011 scilieet,

217 4042 279 4107 per
303 4019 512 4104 cornagium‚
529 4022 594 4083 etc.
639 4018 685 4081 llt
711 4016 880 4082 Robertus
904 4018 988 4082 dicit
1003 4019 1092 4102 quod
1116 4017 1247 4083 nullum
1273 4017 1374 4083 servi-

219 4109 306 4172 tium
322 4104 475 4190 cornagii
489 4105 526 4169 in
542 4104 708 4170 comitatu
721 4104 789 4168 isto
803 4109 855 4169 est
870 4126 972 4171 eausa
987 4105 1159 4184 custodire,
1176 4109 1210 4169 et
1226 4106 1315 4190 quod
1324 4106 1375 4169 ita

220 4195 267 4259 sit
281 4197 423 4279 paratus
448 4201 501 4258 θεὴ
516 4192 689 4256 verificare
712 4190 799 4255 sicut
824 4192 919 4257 curia
941 4192 1180 4257 consideravit.
1225 4193 1272 4256 Et
1294 4192 1375 4277 quia

219 4281 395 4347 Johannes
412 4281 453 4344 de
470 4278 687 4365 Metingham
708 4279 864 4344 recordat
884 4278 974 4363 quod
997 4301 1110 4345 eornm
1127 4278 1264 4344 domiuo
1280 4280 1374 4365 Rege

254 4435 263 4468 ¹
280 4435 362 4494 John,
384 4449 430 4486 son
449 4433 477 4485 ol
493 4433 605 4484 'ihomas
624 4433 655 4484 de
680 4431 774 4484 Horto-
824 4435 1060 4501 oamtquiaoliby.
1094 4434 1157 4486 This
1171 4435 1228 4500 plea
1239 4435 1260 4487 is
1272 4437 1377 4488 entered

221 4505 324 4599 waplon
339 4501 417 4566 (Papo
429 4501 501 4578 Ball,
512 4503 546 4552 12
556 4502 629 4576 lida.
641 4500 688 4562 1.).
754 4563 760 4578 Ι
826 4515 860 4578 on
871 4516 895 4616 pl.
908 4503 966 4563 22³,
977 4501 1034 4563 but,
1050 4501 1140 4580 ssuthe
1155 4501 1272 4568 wording
1288 4503 1376 4580 differs

280 4568 316 4621 In
328 4568 374 4619 the
383 4583 485 4633 margin
497 4571 612 4634 opposite
623 4565 676 4618 thu
687 4565 744 4633 ples
752 4581 774 4618 rs
825 4566 875 4632 slrg
894 4566 940 4632 tly,
950 4566 1013 4618 both
1020 4568 1139 4635 readings
1147 4567 1212 4620 haro
1220 4569 1284 4622 boen
1292 4585 1376 4637 giren.
