3272 5092
245 493 308 568 ιιι
385 515 498 566 essm
524 511 623 582 som,
645 509 976 579 sescentesimo,
1000 487 1042 564 58
1064 509 1144 563 snt.
1168 507 1223 562 ιιι.

244 675 290 743 st
301 675 480 744 vicecomes
501 673 608 741 nichil
628 673 706 742 inde
719 672 814 741 iecit.
858 672 940 740 Ideo
959 672 1048 741 sicut
1068 673 1163 759 prins
1176 673 1382 758 preceptum

244 767 298 830 est
320 761 508 830 vicecomiti
531 762 620 847 quod
645 761 829 847 distringet
856 780 916 846 per
938 780 1053 826 omnes
1076 764 1196 840 terres,
1220 763 1298 839 etc,
1321 757 1382 838 ite,

245 855 322 932 etc,
331 849 447 930 donec,
457 855 532 931 etc,
541 852 578 918 et
591 850 680 934 quod
692 849 816 917 hebeat
830 868 950 934 corpus
959 847 1033 934 ejus
1047 847 1137 932 opud
1152 845 1382 932 Leycestrism

245 937 290 1003 sd
324 937 504 1040 prmintum
531 936 724 1002 terminum.
779 936 875 1003 Idem
904 935 974 1002 dies
1003 934 1103 1000 dotus
1133 938 1186 1000 est
1214 931 1383 1019 praediotae

246 1025 364 1091 Morus
377 1046 437 1112 per
451 1027 661 1091 sttornstum
675 1044 774 1090 suum
788 1023 825 1088 in
838 1023 963 1088 Benco.

308 1161 474 1228 Ricnrdus
497 1161 539 1228 de
558 1161 710 1230 Gosebek
734 1164 769 1229 et
890 1158 970 1241 erin,
984 1180 1070 1226 uxor
1091 1161 1174 1247 ejus,
1197 1157 1323 1245 optolit
1347 1178 1384 1222 se

195 1309 197 1312 .
244 1247 321 1337 ffljs
343 1249 398 1316 die
413 1269 526 1315 versus
550 1248 584 1312 Η
653 1269 731 1314 nem
745 1249 787 1314 (16
805 1247 840 1313 le
884 1247 918 1313 sl
932 1248 974 1312 (16
998 1245 1134 1333 plncito,
1150 1247 1241 1332 qnod
1263 1244 1384 1310 reddet

245 1335 295 1403 eis
313 1335 500 1403 custodium
514 1335 599 1401 Will
668 1336 689 1418 ⁸,
712 1335 774 1401 filii
788 1339 824 1401 et
837 1334 970 1400 heredis
987 1334 1131 1400 Andreae
1145 1334 1188 1399 de
1204 1333 1381 1398 Meneher-

245 1444 326 1505 mer,
355 1444 429 1509 quse
457 1423 501 1489 ud
528 1423 619 1508 ipsos
647 1423 805 1510 pertinet,
835 1441 875 1488 eo
900 1421 990 1507 quod
1017 1421 1197 1508 predictus
1227 1419 1382 1486 Andreas

244 1513 370 1576 terrum
389 1531 485 1576 suem
508 1510 550 1576 ds
569 1511 617 1576 eis
638 1511 752 1577 tenuit
773 1531 835 1612 per
856 1509 1029 1574 servitium
1052 1508 1210 1588 militare,
1226 1512 1291 1575 etc.
1337 1507 1383 1571 Et

244 1597 258 1662 i
282 1618 318 1664 se
340 1619 407 1665 non
433 1597 526 1665 venit
551 1597 693 1664 stelias
716 1597 801 1664 iecit
820 1594 993 1678 defaltum,
1009 1595 1059 1660 ite
1073 1595 1163 1681 quod
1177 1597 1382 1680 praeceptum

288 1684 316 1750 ‘t
328 1683 516 1752 vicecomiti
536 1685 626 1771 quod
640 1685 859 1770 distringeret
879 1703 957 1748 eum
975 1703 1036 1768 per
1050 1703 1165 1750 omnes
1181 1687 1300 1762 terres,
1315 1679 1381 1747 etc.

245 1771 291 1836 llt
311 1772 492 1840 vicecomes
506 1772 612 1837 nichil
632 1771 711 1838 inde
725 1771 818 1838 iecit.
863 1770 945 1838 Ideo
960 1771 1048 1836 sicut
1062 1771 1157 1855 prins
1178 1773 1381 1856 preceptum

245 1862 298 1924 est
309 1859 496 1926 vicecomiti
507 1859 597 1943 quod
607 1858 729 1926 distr-in
775 1861 879 1925 teum
893 1877 953 1943 per
964 1877 1079 1924 omnes
1094 1861 1214 1937 term,
1227 1862 1304 1937 etc,
1320 1857 1382 1935 ite,

244 1949 320 2027 etc,
331 1946 448 2027 donec,
460 1951 535 2026 otc,
551 1949 587 2011 et
599 1946 741 2031 quodhe
803 1949 820 2010 t
834 1965 952 2030 corpus
963 1944 1038 2030 ejus
1053 1945 1142 2030 epud
1154 1943 1383 2030 Leyoestriom

244 2054 266 2099 u
280 2033 334 2099 die
350 2033 466 2100 Senoti
480 2033 657 2100 Michaelis
671 2033 708 2104 in
723 2037 792 2099 tres
807 2031 1023 2118 septimanas.

308 2171 404 2237 Idem
428 2171 593 2238 Ricardus
620 2175 655 2237 et
684 2171 855 2257 Mergerie
877 2169 1004 2256 optulit
1026 2189 1061 2235 se
1086 2169 1165 2255 1115ω
1188 2169 1243 2235 (116
1267 2191 1382 2236 versus

244 2259 414 2324 Simonem
433 2259 544 2325 Beurd
559 2263 594 2325 et
608 2258 798 2338 Iscbellnm,
813 2277 951 2323 uxorem
974 2256 1060 2342 ejus,
1076 2256 1118 2321 de
1141 2255 1268 2343 plscito
1293 2258 1383 2343 qnod

243 2349 358 2413 teneat
385 2346 435 2412 eis
461 2347 715 2413 conventionem
741 2347 831 2410 inter
853 2364 909 2411 eos
928 2344 1067 2424 fectum,
1090 2343 1131 2408 de
1157 2344 1308 2411 manerio
1329 2343 1380 2409 del

242 2433 378 2520 Elydene
393 2455 469 2499 cnm
486 2433 711 2518 pertinentiis.
757 2433 802 2497 lit
816 2432 882 2518 ipsi
896 2451 964 2495 non
980 2430 1120 2498 veniunt
1135 2434 1170 2495 et
1192 2431 1278 2496 elios
1292 2431 1381 2497 fece-

241 2523 324 2586 runt
352 2519 526 2603 defaltum,
555 2520 606 2586 ite
630 2520 721 2605 quod
748 2523 952 2605 praeceptum
979 2516 1050 2583 fuit
1072 2517 1262 2584 vicecomiti
1293 2519 1381 2604 quod

241 2607 462 2693 distringeret
478 2629 535 2676 eos
557 2627 619 2693 per
632 2628 748 2674 omnes
763 2615 881 2686 terres,
897 2610 961 2672 etc.
1006 2605 1052 2671 Et
1065 2605 1251 2671 vicecomes
1274 2606 1382 2671 nichil

241 2694 320 2760 inde
339 2692 434 2762 iecit.
478 2694 561 2762 Ideo
575 2693 664 2760 siout
684 2694 778 2780 prius
800 2695 1003 2778 preceptum
1021 2696 1073 2759 est
1086 2692 1276 2758 vicecomiti
1290 2695 1381 2778 quod

242 2780 426 2867 distringet
440 2801 495 2848 eos
516 2802 577 2869 per
590 2798 706 2847 omnes
726 2785 846 2861 terres,
862 2784 938 2861 etc,
953 2777 1013 2858 ito,
1030 2783 1106 2860 etc,
1121 2779 1237 2860 donec,
1254 2785 1331 2862 etc,
1347 2785 1381 2847 et

239 2868 329 2955 quod
350 2869 475 2935 hubest
496 2888 636 2954 corpore
648 2887 764 2935 eorum
787 2866 878 2955 apud
896 2867 1123 2950 Leycestrism
1141 2867 1185 2932 od
1201 2870 1384 2953 praefstum

239 2955 432 3021 terminum.

304 3089 449 3159 Thomas
463 3091 505 3158 de
519 3091 676 3178 Fenvvyk,
692 3090 798 3174 miles,
815 3093 972 3179 cognovit
985 3093 1075 3178 quod
1083 3093 1250 3158 concessit
1259 3097 1295 3158 et
1304 3113 1381 3159 con·

240 3179 388 3246 firmavit
410 3178 561 3244 Johunni
583 3180 625 3244 (16
647 3178 800 3245 Houton’
816 3183 852 3247 et
871 3179 1047 3262 Alienorae,
1059 3179 1156 3245 uxori
1165 3181 1248 3265 ejus,
1265 3201 1380 3246 omnes

238 3269 347 3332 terres
362 3268 398 3332 et
411 3265 524 3331 omnia
538 3268 734 3334 tenemento
747 3287 824 3333 cum
838 3267 992 3334 omnibus
1011 3267 1227 3352 pertinentiis
1244 3267 1325 3349 suis,
1340 3273 1379 3332 ut

238 3353 276 3417 in
300 3351 489 3435 dominicis,
514 3353 673 3438 pasturis,
699 3353 838 3435 brueris,
853 3358 889 3419 et
912 3354 1203 3440 communisque
1225 3355 1379 3440 praedicti

237 3441 261 3505 J
261 3440 412 3506 chunnos
427 3443 463 3506 et
476 3439 636 3506 Alienors
649 3444 833 3506 tenuerunt
848 3439 885 3505 in
899 3441 977 3506 villu
995 3443 1037 3506 de
1052 3440 1216 3507 Wsllowe
1230 3441 1268 3506 in
1289 3443 1380 3508 festo

238 3527 483 3593 Tmnslstionis
505 3526 604 3592 Beati
629 3527 765 3593 Thomae
779 3527 932 3594 Msrtiris
947 3548 1037 3594 nnnc
1051 3529 1150 3613 regni
1165 3529 1271 3616 Regis
1286 3551 1378 3596 nunc

238 3613 1082 3768 eionzvcuenreoec
1096 3615 1189 3767 (ιι

238 3787 377 3867 sources,
404 3787 563 3874 quicquid
576 3787 650 3874 ipsa
659 3750 758 3874 ’ριιι
773 3724 945 3854 hiberin
960 3724 1379 3870 effitianfftirffilt

237 3875 338 3941 homo
365 3875 385 3889 ’'
434 3878 470 3940 et
499 3874 646 3941 servitiis
674 3875 855 3941 liberorum
885 3877 1069 3943 hominum.
1115 3877 1320 3943 Hebendum
1342 3881 1378 3943 et

235 3965 340 4027 tenen
362 3983 420 4027 um
444 3961 570 4028 eisdem
600 3962 751 4027 Johsnni
771 3966 806 4027 et
828 3961 996 4030 Alienorae
1020 3967 1055 4031 et
1070 3964 1249 4030 heredibus
1269 3965 1377 4051 ipsius

235 4046 402 4114 Alienorae
421 4048 463 4114 do
477 4048 551 4134 ipso
566 4053 601 4114 et
624 4048 803 4115 heredibus
819 4049 899 4130 suis,
914 4049 1018 4118 libere
1037 4054 1073 4116 et
1095 4051 1300 4118 hereditarie
1316 4053 1378 4116 im-

235 4138 444 4221 perpetuum.
488 4135 673 4201 Reddendo
701 4137 781 4202 inde
810 4157 871 4221 per
895 4158 1022 4202 anuum
1049 4137 1115 4203 sibi
1139 4143 1175 4203 et
1198 4139 1377 4205 heredibus

235 4223 304 4289 suis
328 4221 501 4289 duodecim
525 4223 557 4286 (ι’
580 4223 623 4289 ad
643 4223 726 4288 duos
748 4225 922 4304 terminos,
938 4224 1076 4304 scilicet,
1092 4225 1309 4292 medietatem
1334 4228 1378 4293 ed

233 4308 359 4375 festum
384 4308 502 4376 Sancti
524 4309 666 4376 Murtini
688 4309 725 4375 in
747 4311 866 4396 hyeme
881 4314 916 4377 et
939 4310 1080 4376 alteram
1095 4313 1312 4380 medietatem
1335 4314 1377 4380 ed

233 4396 459 4464 Pentecosten
482 4418 543 4483 pro
571 4397 664 4462 omni
689 4397 836 4480 servitio,
858 4399 1111 4480 consuetudine,
1133 4405 1168 4465 et
1191 4401 1378 4481 exactione,

233 4483 325 4552 selvo
362 4483 531 4550 forinseco
560 4484 707 4566 servitio,
738 4489 902 4571 quantum
937 4486 1087 4573 pertinet
1115 4487 1160 4552 sd
1184 4487 1377 4557 vicesimum
