3278 5104
237 457 278 523 70
386 476 502 521 sssrzn
525 475 625 536 noun,
648 472 988 530 uonmmnnmun,
1011 451 1054 515 40
1077 470 1159 514 unu.
1184 468 1239 512 111.

234 629 434 715 praedictum
460 629 635 714 plumbum
660 633 696 692 et
720 627 952 692 exeaturicata
977 625 1058 704 fuit,
1081 624 1133 687 ita
1159 621 1248 706 quod
1273 619 1393 684 statim.

234 718 331 783 obiit.
377 717 529 800 Angues,
543 716 613 780 filia
627 717 711 801 ejus,
723 715 834 799 prima
848 712 1029 791 inventrix,
1046 710 1140 776 venit
1156 716 1192 774 et
1207 729 1275 773 non
1291 706 1394 771 male-

233 805 393 883 creditur,
410 824 473 868 nec
489 802 611 886 aliquis
627 803 726 867 alius.
759 801 944 878 Judicium,
960 798 1198 863 intortunium.
1242 793 1395 860 Precium
1439 875 1442 878 ι

234 891 365 976 plumbi
380 890 419 975 iij
433 891 470 971 ε’,
487 890 576 956 unde
592 889 776 954 vicecomes
792 887 1005 972 respondeat.

300 1029 323 1093 J
324 1030 478 1093 uratores
488 1029 697 1112 prasentant
711 1025 799 1110 quod
818 1023 956 1109 quidam
972 1024 1076 1107 Hugo
1090 1022 1183 1107 Pege
1201 1021 1396 1087 submersus

238 1114 310 1179 fuit
325 1114 367 1180 dc
382 1115 527 1198 quodam
543 1113 669 1179 batallo
690 1113 727 1177 in
743 1112 839 1177 mari.
873 1113 1004 1191 Emma,
1022 1131 1106 1175 uxor
1117 1110 1204 1195 ejus,
1220 1109 1331 1193 primo
1345 1108 1397 1171 in-

151 1281 153 1286 ,
235 1202 331 1268 venit
354 1222 442 1282 eum,
458 1201 517 1286 qui
541 1201 636 1266 veuit
658 1205 692 1266 et
715 1221 784 1265 non
806 1198 1055 1278 malecreditur,
1072 1217 1135 1264 nec
1159 1195 1281 1281 aliquis
1296 1195 1396 1261 alius.

236 1289 422 1370 Judicium,
446 1287 687 1352 infortunium.
732 1286 889 1352 Precium
911 1284 1030 1352 batelli
1052 1284 1178 1370 iiijes',
1201 1283 1293 1349 unde
1308 1282 1396 1348 vice·

238 1396 350 1442 comes
366 1375 581 1461 respondeat.

430 1591 586 1655 Vrnnnrn
609 1611 655 1654 nn
677 1589 866 1655 Anuuwrx'
889 1609 992 1653 vnum
1015 1609 1081 1652 run
1104 1593 1211 1652 11501111.

302 1728 325 1793 J
328 1730 481 1793 aratores
507 1731 718 1813 praesentant
743 1727 834 1812 qnod
861 1727 999 1811 quidam
1033 1726 1208 1792 Gilbertus
1241 1724 1282 1792 de
1313 1725 1399 1792 Nid-

241 1815 382 1896 desdcl',
395 1819 585 1895 extraneus,
599 1815 781 1880 associavit
797 1836 832 1880 se
844 1815 979 1878 cuidam
994 1815 1177 1893 heremita,
1191 1813 1248 1899 qui
1259 1816 1400 1878 vocatur

244 1903 434 1966 Semanous
455 1901 496 1966 de
516 1901 746 1982 Botelesham,
770 1907 805 1966 et
829 1901 965 1966 iverunt
987 1900 1176 1967 adinvicem
1199 1902 1235 1963 in
1255 1901 1402 1984 quadam

241 2009 346 2069 mora,
363 1989 414 2053 ita
439 1989 529 2072 qnod
555 1989 646 2054 idem
672 1989 845 2054 Gilbertus
870 1989 961 2073 cepit
990 1989 1102 2072 ipsum
1133 1988 1335 2052 heremitam
1364 1989 1400 2050 et

240 2076 351 2160 ipsum
362 2075 559 2155 verberavit,
570 2075 771 2156 vulneravit,
783 2079 818 2140 et
833 2075 964 2140 dimisit
979 2075 1091 2159 ipsum
1103 2074 1202 2159 quasi
1214 2076 1397 2153 mortuum,

242 2166 279 2227 et
301 2161 443 2227 abstulit
466 2163 509 2227 ab
533 2183 572 2226 eo
592 2183 724 2247 pannos
748 2183 826 2228 suos
851 2167 886 2226 et
909 2184 1014 2226 unum
1032 2162 1221 2242 denarium,
1239 2165 1272 2226 et
1295 2161 1399 2246 fugit.

243 2251 290 2314 Et
304 2249 470 2334 fugiendo
484 2249 634 2315 obviavit
648 2249 829 2334 Radulpho
845 2249 886 2316 de
910 2248 1078 2328 Beleford,
1095 2249 1256 2314 servienti
1271 2247 1401 2312 domini

244 2337 361 2421 Regis,
377 2340 413 2401 et
435 2337 526 2420 cepit
547 2335 659 2421 ipsum
681 2336 848 2422 inponens
871 2337 902 2401 ei
926 2336 1015 2421 quod
1037 2335 1108 2399 fuit
1131 2336 1342 2415 malefactor,
1368 2337 1404 2398 et
1512 2371 1516 2380 ·
1625 2328 1627 2353 '

246 2423 346 2489 duxit
369 2422 480 2507 ipsum
503 2444 619 2488 versus
634 2423 820 2509 Alnevvyk'.
866 2424 911 2488 Et
925 2423 1106 2508 praedictus
1127 2423 1294 2488 heremita
1308 2420 1402 2489 venit

245 2510 707 2664 eutramnus
730 2511 822 2664 tull
840 2510 1402 2662 mutuabimur

247 2645 409 2770 coguovit
438 2618 549 2748 coraln
591 2685 754 2785 praedicto
785 2645 917 2785 'ballivo
951 2689 988 2785 et
1021 2684 1215 2784 horninibus
1245 2683 1333 2784 villae
1362 2683 1403 2748 ds

247 2770 1404 2943 tttbl⁶rptttmtttttllt⁸{2⁰¹tltltlutltttltt

248 2945 339 3029 quod
353 2948 561 3009 warrantum
587 2945 672 3011 fecit
695 2944 807 3030 ipsum
830 2943 1001 3025 decollari,
1018 2945 1137 3010 dicunt
1158 2944 1249 3030 quod
1265 2965 1404 3010 consuc-

249 3032 334 3096 tudo
349 3031 533 3097 comitatus
549 3033 629 3097 talis
645 3037 708 3111 est,
725 3033 814 3117 qnod
829 3032 1001 3117 quamcito
1017 3031 1139 3116 aliquis
1155 3033 1311 3116 capiatur
1326 3053 1403 3098 cum

250 3139 465 3203 manuopera,
481 3121 599 3184 statim
615 3120 810 3200 decolletur,
821 3127 856 3185 et
871 3120 942 3204 ipse
958 3119 1016 3203 qui
1032 3120 1184 3204 sequitur
1198 3139 1259 3204 pro
1274 3119 1407 3183 catallis

249 3207 292 3271 ab
307 3206 381 3291 ipso
396 3205 595 3291 depridatis,
611 3207 751 3272 habebit
767 3207 891 3272 catalla
907 3227 969 3271 sua
983 3227 1045 3291 pro
1060 3207 1134 3291 ipso
1150 3206 1357 3272 decollando.

318 3344 451 3423 Emma,
467 3343 538 3408 filia
558 3344 700 3410 Roberti
725 3344 878 3424 Pistoris,
895 3345 1018 3411 cecidit
1041 3345 1077 3408 in
1103 3346 1248 3430 quodam
1271 3345 1408 3430 plumbo

253 3431 354 3517 pleno
370 3451 460 3514 aqua
475 3430 607 3512 callida,
625 3433 831 3497 scaturicata
845 3433 916 3496 fuit
930 3432 967 3495 in
983 3433 1110 3497 eodem.
1156 3433 1202 3496 Et
1226 3433 1406 3513 Robertus,

250 3523 348 3604 pater
364 3519 450 3603 ejus,
466 3519 595 3602 primus
620 3521 787 3600 inventor,
810 3519 904 3585 venit
926 3524 962 3583 et
984 3541 1054 3584 non
1078 3519 1327 3600 malecreditur,
1344 3539 1406 3584 nec

254 3605 377 3689 aliquis
392 3604 489 3670 alius.
535 3605 971 3687 Judicium,intortunium.
1013 3606 1170 3672 Precium
1179 3605 1311 3693 plumbi
1322 3605 1358 3692 iij
1369 3607 1408 3686 ε’,

254 3692 345 3756 unde
360 3691 545 3758 vicecomes
559 3693 772 3778 respondeat.

321 3829 344 3893 J
345 3832 498 3895 aratores
514 3834 722 3914 praesentant
737 3831 828 3914 quod
843 3830 981 3915 quidam
995 3831 1100 3915 Hugo
1115 3829 1147 3895 le
1163 3829 1409 3910 Wellewn'che,

256 3917 411 4001 Rogatus
427 3920 463 3980 et
477 3915 635 3996 Thomas,
652 3917 714 3980 filii
730 3918 816 4002 ejus,
831 3919 1052 3984 obviaverunt
1068 3917 1178 3982 tribus
1193 3915 1410 4001 garcionibus

258 4003 299 4067 de
336 4002 486 4067 Abbatia
522 4003 564 4068 de
594 4003 778 4089 Alnevvyke
814 4005 852 4068 in
881 4004 962 4070 villa
991 4005 1033 4070 de
1061 4004 1238 4089 Alnevvyk,
1270 4004 1411 4083 scilicet,

258 4089 445 4155 Laurentio
468 4090 570 4169 Hors,
597 4091 747 4156 Roberto
770 4091 878 4156 Ousin
903 4095 938 4157 et
964 4091 1102 4156 Thomae
1127 4092 1169 4156 dc
1196 4090 1353 4155 Sholmor
1379 4094 1414 4155 et

257 4176 482 4262 litigaverunt
502 4176 702 4258 adinvicem,
718 4179 769 4243 ita
793 4179 881 4263 quod
904 4177 1086 4264 pradictus
1109 4177 1315 4243 Laurentius
1339 4198 1413 4262 per-

259 4264 365 4328 cussit
388 4264 587 4364 praedictum
617 4265 800 4366 Hugouem
826 4267 971 4366 quadam
1001 4287 1127 4365 maces,
1153 4264 1189 4327 in
1215 4265 1337 4350 capite,
1361 4265 1413 4328 ita

258 4351 1412 4525 tltlttltttttltltllrmffhtltltttttlltlt
